4492 5686
1096 239 1146 308 ‘ll

1007 351 1243 376 mmm

331 495 545 594 intelligitur
571 519 615 565 ex
640 493 728 566 loco
744 490 915 593 Dionysii
938 488 1169 593 Sinopensis,
1200 519 1311 593 quem
1338 491 1488 566 exhibui
1512 493 1656 596 Fragm.
1686 497 1830 572 Comic.
1857 500 1916 573 lll

329 652 371 725 p.
382 627 469 694 5l8.
524 620 622 692 Eum
654 636 774 693 totum
805 636 984 691 terrarum
1017 620 1147 691 orbem
1177 623 1313 692 ventris
1345 646 1470 693 caussa
1503 639 1738 723 pervagatum
1769 652 1848 700 esse
1880 644 1918 701 et

331 746 584 849 Sardanapalli
611 751 722 819 vitam
739 749 869 819 vixisse
897 749 961 846 qui
987 742 1078 817 dicit
1093 743 1305 819 Athenaeus
1329 746 1387 818 111
1412 774 1453 847 p.
1470 749 1582 821 1161.
1603 749 1868 853 εῑ1Ἠρ.219
1884 754 1913 827 f.

331 874 585 977 compluribus
610 873 703 946 locis
730 871 777 945 de
804 899 850 945 eo
876 876 920 944 iis
944 874 1060 943 utitur
1086 874 1310 962 nominibus,
1343 899 1447 973 quae.
1462 900 1641 949 summam
1667 876 1828 951 hominis
1851 907 1916 980 gu-

329 1003 514 1076 lositatem
539 1015 731 1089 testantur,
759 999 861 1071 relut
887 997 957 1070 vll
983 1025 1022 1099 p.
1036 998 1108 1070 278
1123 1024 1157 1070 a.
1186 996 1321 1071 dicitur
1346 993 1580 1091 ῶψοὸαίδαλις,
1609 1029 1650 1104 p.
1663 1008 1737 1076 286
1750 1007 1821 1077 m
1847 999 1915 1077 τίς.

331 1127 409 1212 ἃμ,
435 1136 552 1229 p.301
571 1153 602 1199 e.
620 1129 637 1198 ὁ
656 1120 786 1196 δείπνων
812 1115 978 1215 isagogis,
1004 1132 1122 1225 p303
1139 1149 1169 1196 e.
1188 1126 1203 1196 ὃ
1232 1115 1368 1225 κιμβιξ,
1393 1134 1508 1228 p.311
1528 1127 1552 1199 1.
1570 1129 1586 1197 ὃ
1612 1122 1754 1213 ἡδονικύς
1779 1124 1915 1227 φιλῶσι-

331 1275 403 1349 φος.
455 1253 553 1325 Hinc
591 1278 669 1325 non
710 1248 842 1323 dubito
884 1254 974 1351 quin
1011 1248 1168 1324 eundem
1205 1250 1408 1343 hominem,
1452 1279 1562 1354 quem
1601 1259 1717 1356 patria
1751 1259 1916 1332 Siculum

331 1382 441 1453 luisse
473 1394 629 1468 constat,
664 1379 733 1450 sub
768 1377 955 1451 Siciliotae
988 1375 1196 1451 Gnathonis
1229 1383 1379 1451 nomine
1411 1379 1613 1480 significare
1645 1382 1803 1456 voluerit
1828 1383 1915 1459 Plu·

331 1506 479 1581 tarchus
506 1503 553 1578 de
578 1504 736 1578 latenter
761 1507 833 1576 viv.
862 1531 902 1604 p.
920 1510 1015 1575 1128
1032 1530 1065 1576 a.
1094 1498 1170 1580 τούς
1196 1501 1267 1611 περὶ
1290 1497 1460 1605 Φιλύξενοι
1486 1500 1541 1577 τῶν
1557 1500 1724 1614 Ἐρύξιδος
1754 1507 1809 1581 καὶ
1833 1502 1916 1582 Prei-

331 1633 432 1705 θωνα
462 1621 516 1705 riv
547 1621 747 1716 Σικελιώτην
784 1623 996 1718 ἐπτοημένους
1031 1627 1102 1737 περὶ
1137 1624 1181 1702 τὰ
1218 1622 1295 1719 idea
1327 1626 1482 1720 λέγουσιν
1517 1627 1810 1722 ἐναπομύττεσθαι
1848 1641 1918 1712 ταῖς

332 1755 530 1868 παροψίσιν,
560 1749 647 1832 ὅπως
674 1751 748 1832 τούς
779 1753 1018 1832 συνεσθίοντας
1049 1751 1314 1864 ῶιαστρέψαντες
1345 1755 1435 1831 αὐτοὶ
1465 1751 1554 1848 μύνοι
1586 1761 1649 1831 τῶν
1675 1757 1916 1868 παρακειμένων

330 1884 579 1994 ἐμφορηθῶσιν.
631 1881 782 1958 Gnatho
815 1886 912 1956 enim
944 1883 1062 1984 gulosi
1093 1900 1130 1957 et
1162 1883 1282 1957 edacis
1313 1889 1463 1987 parasiti
1492 1912 1628 1959 nomen
1663 1889 1733 1960 suit
1758 1892 1795 1960 in
1822 1917 1917 1963 nora

332 2012 524 2089 comoedia
559 2011 845 2112 frequentatum.
902 2008 981 2084 Csr.
1018 2008 1207 2083 Plutarch.
1245 2009 1374 2113 Symp.
1410 2040 1450 2113 p.
1466 2013 1537 2085 767
1554 2039 1587 2085 e.
1624 2013 1778 2087 Lucian.
1815 2015 1913 2089 Tim.

333 2147 395 2214 45.
426 2157 462 2213 et
487 2138 608 2240 Fugit.
644 2141 702 2210 19.
756 2135 847 2209 Noli
872 2162 961 2210 vero
988 2134 1215 2210 confundere
1241 2165 1325 2210 cum
1346 2137 1419 2211 hoc
1435 2138 1675 2212 Archestrato
1694 2140 1806 2213 aliurn
1823 2147 1918 2216 eius·

331 2267 417 2365 dem
443 2269 602 2340 nominis
617 2281 779 2366 poetam
805 2261 934 2337 iisdem
959 2263 1037 2337 sere
1063 2265 1294 2367 temporibus
1320 2264 1471 2355 clarum,
1501 2281 1544 2338 ut
1569 2264 1743 2366 colligere
1770 2267 1856 2342 licet
1874 2295 1919 2342 ex

333 2390 533 2467 Plutarcho
561 2388 607 2463 de
634 2394 718 2465 virt.
746 2389 855 2461 Alex.
884 2417 924 2490 p.
935 2398 1009 2461 332
1024 2388 1063 2462 d.

474 2516 547 2591 VII
564 2543 603 2618 p.
618 2515 744 2587 282b.
788 2516 950 2589 Ananius
982 2532 1178 2619 postquam
1212 2542 1297 2589 vere
1331 2517 1552 2609 chromium,
1591 2538 1766 2594 autumno
1798 2537 1920 2595 autem

333 2643 492 2745 capellas
518 2641 780 2744 porcellosque
807 2666 872 2714 esu
897 2641 1178 2716 iucundissimos
1204 2666 1281 2716 esse
1308 2640 1412 2732 dixit,
1441 2670 1494 2715 vs.
1509 2651 1544 2716 5.
1575 2649 1623 2717 ita
1651 2651 1787 2746 pergit:

642 2765 698 2841 xci
722 2769 824 2841 κυνῶν
852 2758 932 2852 oiim
958 2761 1038 2841 τόθ’
1068 2760 1128 2878 ῶρη
1156 2765 1211 2842 καὶ
1232 2770 1347 2857 λαγῶν
1376 2761 1593 2854 κάλυπηκων.

333 2900 378 2972 In
410 2897 467 2971 his
500 2913 562 2970 aut
596 2887 676 2982 αύτη
708 2912 769 2970 aut
796 2888 870 2969 τότε
895 2895 1134 2999 superfluum.
1189 2894 1312 2970 Possis
1339 2892 1394 2967 nai
1418 2896 1519 2968 κυνῶν
1546 2887 1590 2969 αὖ
1615 2898 1715 2984 τῆμος
1742 2889 1803 3004 ύρη
1830 2923 1918 2971 con·

334 3029 461 3118 iicere3
491 3025 610 3100 lenius
636 3041 760 3101 tamen
784 3024 895 3097 fuerit
921 3020 977 3096 κα1
1002 3018 1103 3096 κυνῶν
1126 3014 1169 3096 αὗ
1194 3024 1232 3118 τῇ
1257 3014 1340 3095 εὖθ’
1369 3014 1442 3131 ῶρη,
1468 3049 1520 3097 sc.
1549 3016 1608 3107 ἡδύ
1633 3027 1720 3098 ἐστιν
1744 3018 1880 3097 ἐσθίειν.

475 3152 547 3227 VH
565 3180 603 3253 p.
618 3159 690 3223 282
706 3152 733 3224 s.
774 3145 947 3256 Νίκανδρος
973 3145 1049 3225 <to
1076 3145 1211 3257 δευτέρῳ
1236 3151 1399 3222 Οἰταϊκῶν
1426 3169 1526 3246 φησι·

643 3270 823 3364 Πομπύλος,
849 3265 883 3351 ῶς
910 3268 1059 3373 ναύτῃσιν
1082 3270 1291 3362 ἆθημονέουσι
1317 3268 1500 3350 κελεύθους

643 3394 788 3490 μηνύσας
816 3395 973 3509 φιλέρωσι
999 3399 1055 3475 καὶ
1079 3390 1265 3500 <inimic
1291 3428 1349 3508 περ
1375 3391 1513 3489 ἀμύνων.

335 3529 411 3606 Ριο
443 3521 592 3621 μηνύσας
624 3527 709 3603 cod.
738 3529 832 3605 Ven.
870 3520 1010 3619 μηνύσει
1042 3529 1166 3603 habet.
1222 3524 1466 3603 Scribendum
1498 3523 1644 3602 ridetur
1673 3519 1793 3618 μηνύει.
1846 3527 1920 3602 Oe·

336 3662 429 3734 taica
445 3653 636 3748 Nicandri,
667 3660 817 3757 quaein
835 3655 1006 3730 Herculis
1031 3658 1141 3730 rebus
1168 3652 1396 3758 exponendis
1421 3657 1651 3756 potissimum
1676 3672 1816 3729 versata
1842 3681 1920 3729 esse

337 3812 380 3860 ex
406 3784 544 3861 Athen.
573 3782 822 3886 utputa
858 3800 896 3856 et
927 3782 1045 3857 schol.
1075 3782 1267 3884 Apollonii
1292 3780 1366 3855 Rh.
1395 3781 1428 3872 I,
1451 3787 1559 3853 1301.
1595 3781 1822 3884 intelligitur,
1858 3807 1920 3857 ve·

338 3914 477 3983 rissime
505 3915 669 3986 restituta
697 3926 782 3984 sunt
805 3908 944 3984 Athen.
967 3909 1037 3986 VH
1054 3911 1178 4011 psat
1197 3933 1229 3980 a.
1260 3897 1323 3979 τῶν
1351 3898 1510 3980 δὲίύπων
1533 3902 1707 4015 Νίκανδρος
1731 3910 1763 3978 ἐν
1787 3900 1921 4012 δευτέρῳ

340 4035 516 4106 Οἷταῖκῶν·

645 4139 687 4212 ῶς
715 4132 746 4208 d'
776 4130 869 4211 ὁπότ’
898 4139 985 4236 ἀμφ’
1012 4132 1151 4235 ἀγέλῃσι
1179 4133 1396 4226 νεηγενέεσσιν
1422 4127 1529 4208 ἰῶπων

644 4251 663 4346 tl
690 4254 813 4370 φάγροι
837 4253 856 4349 ἢ
883 4265 1016 4343 σκῶπες
1041 4259 1173 4373 ἀρείονες
1198 4257 1232 4349 ἠὲ
1261 4259 1316 4337 καὶ
1337 4253 1444 4370 ὃρφύς.

340 4412 416 4486 Ubi
439 4410 657 4488 Dindorfius
683 4413 893 4517 „legebatur
918 4418 948 4486 ἓν
974 4417 1174 4510 Βοιωτιακῷ.
1199 4417 1230 4488 ἓν
1255 4405 1464 4495 darantxiv
1486 4408 1638 4506 BDPQ,
1668 4410 1769 4513 quod
1797 4414 1922 4486 certis-

340 4542 427 4613 sima
456 4537 711 4614 emendatione
740 4557 794 4615 est
818 4530 865 4620 β’
892 4543 1051 4636 οἰταϊκῶν,
1086 4546 1125 4616 in
1159 4568 1234 4644 quo
1261 4541 1358 4616 libro
1386 4539 1433 4615 de
1459 4541 1620 4644 piscibus
1648 4540 1760 4640 egisse
1786 4537 1921 4612 Nican-

340 4665 448 4739 drum
473 4691 517 4738 ex
544 4669 625 4768 ipso
650 4666 843 4742 Athenaeo
869 4672 1037 4744 novimus
1054 4668 1127 4744 Vll
1143 4695 1182 4772 p.
1197 4675 1271 4740 282
1286 4666 1337 4741 1.”
1389 4669 1472 4743 Hoc
1498 4681 1713 4768 argumento
1740 4691 1817 4740 non
1843 4681 1923 4739 utar

341 4791 526 4894 equidem.
580 4791 739 4866 Piscium
768 4797 864 4868 enim
891 4799 1066 4873 memoria
1093 4798 1131 4871 in
1157 4795 1274 4870 altero
1298 4793 1384 4868 loco
1411 4793 1457 4868 ad
1484 4795 1607 4871 nescio
1635 4818 1746 4896 quam
1773 4818 1920 4894 compa-
