4492 5686
1095 221 1143 292 λθ

999 331 1235 363 mmm

329 510 403 556 non
432 485 658 571 miraremur,
687 477 752 553 sed
775 479 890 553 sobrii
915 481 971 554 vir
997 476 1121 551 indicii
1148 472 1378 571 Aristoteles,
1409 504 1520 580 quem
1545 484 1605 555 vix
1631 479 1797 556 dubitem
1824 486 1910 556 scri-

330 610 442 708 psisse
468 600 520 678 ἒπὶ
543 597 662 712 ἡμέρας
687 597 781 676 ἐννέα.

468 729 507 802 Χ
533 757 572 832 p.
599 734 671 801 tt2
694 728 720 801 s.
777 727 1046 832 Theopompus
1079 724 1296 801 Callimachi
1329 730 1546 801 auctoritate
1580 731 1633 800 nti
1668 755 1743 801 non
1774 733 1908 830 potnit.

329 854 458 955 Itaque
485 854 596 928 verba
621 853 769 929 ἐπιεικῶς
800 847 832 924 δν
859 847 920 924 εἰσὶ
945 843 1063 928 πάντες
1081 842 1157 949 ’(εἰο
1184 858 1280 925 enim
1306 849 1556 950 scribendum)
1581 852 1767 953 usquead
1792 879 1911 926 ιιισσυ·

329 968 397 1072 βίῳ
430 977 641 1051 Athenaeus
668 975 714 1050 de
744 1001 811 1050 suo
839 979 990 1050 attexuit
1017 975 1256 1078 Theopompi
1282 976 1421 1067 verbis,
1454 978 1556 1048 cuius
1583 976 1824 1077 fragmentum
1849 974 1912 1050 de-

330 1106 415 1177 sinit
439 1106 477 1175 in
506 1093 697 1209 ωρμηκίτες.

470 1225 508 1298 Χ
526 1253 565 1327 p.
584 1227 710 1298 libb.
765 1221 947 1297 Antheam
974 1223 1148 1297 Lindium
1174 1221 1433 1298 Phanodemus
1464 1228 1623 1326 primum
1650 1229 1829 1300 invenisse
1857 1223 1912 1297 di·

331 1355 380 1424 cit
412 1345 468 1435 την
500 1344 552 1420 hi
582 1349 644 1421 τῶν
674 1340 846 1421 συνθέτων
880 1339 1042 1436 ὀνομάτων
1075 1344 1210 1433 ποίησιν,
1243 1340 1517 1456 ᾗἈσωπίδωρος
1548 1351 1563 1420 ὃ
1591 1341 1747 1426 Φλιάσιος
1779 1339 1912 1456 ὕστερον

329 1466 498 1581 ἐχρήσατο
531 1475 560 1543 ἐν
593 1477 658 1547 τοῖς
690 1462 920 1558 καταλογάῶν
949 1461 1092 1559 ἰάμβοις.
1149 1473 1193 1545 In
1223 1476 1419 1574 postremis
1451 1473 1572 1548 verbis
1606 1500 1682 1546 non
1714 1472 1912 1547 haesissent

329 1603 564 1699 interpretes,
595 1599 624 1668 si
650 1585 795 1685 ἰάμβους
820 1621 898 1668 non
925 1593 970 1667 ad
997 1599 1185 1670 metricam
1212 1595 1381 1687 sormam,
1415 1594 1478 1669 sed
1505 1595 1549 1669 ad
1577 1614 1829 1698 argumentum
1855 1622 1912 1669 re-

329 1720 501 1796 ferendos
530 1746 606 1793 essc
633 1719 908 1793 intellexissent.
963 1719 1093 1821 Itaque
1117 1718 1360 1822 Asopodorus
1386 1724 1575 1793 satirarum
1601 1721 1719 1795 soluta
1747 1725 1912 1794 oratione

331 1850 548 1948 scriptarum
583 1859 711 1916 auctor
744 1860 841 1935 erat3
878 1867 972 1944 quae
999 1867 1057 1915 res
1084 1869 1317 1945 nequaqnam
1343 1843 1491 1946 indigna
1518 1861 1721 1919 memoratu
1748 1861 1814 1934 est,
1845 1870 1913 1917 nec

332 1966 533 2044 omittenda
554 1984 630 2040 erat
651 1969 696 2040 ab
719 1971 761 2042 iis
795 1971 858 2068 qui
881 1991 1088 2067 graecarum
1108 1967 1295 2041 literarum
1313 1968 1502 2042 historiam
1526 1969 1793 2071 explicuerunt.
1841 1968 1911 2041 Ve-

330 2122 412 2168 rum
446 2092 563 2167 multo
597 2089 829 2192 impeditiora
855 2106 939 2164 sunt
967 2115 1060 2191 quae
1087 2088 1134 2163 de
1160 2090 1304 2164 Anthea
1338 2090 1521 2182 dicuntur,
1552 2119 1646 2194 quae
1673 2092 1913 2194 intelligerem

330 2224 382 2293 sie
408 2221 564 2318 scripta:
593 2209 649 2301 τὴν
674 2207 727 2287 διὰ
756 2214 819 2288 τῶν
848 2214 1019 2298 ποιητικῶν
1048 2205 1210 2304 ὄνομιίτων
1242 2206 1413 2287 σύνθεσιν.
1464 2215 1520 2289 lta
1554 2217 1714 2290 Antheas
1747 2221 1913 2289 oratione

330 2370 416 2416 usus
449 2366 526 2415 esse
552 2336 736 2413 diceretur
766 2342 926 2412 numeris
954 2336 1105 2439 quidem
1138 2338 1271 2432 soluta,
1301 2355 1337 2412 at
1364 2341 1597 2440 poeticorum
1623 2342 1819 2415 verborum
1846 2364 1914 2412 usu

331 2471 498 2568 poeticae
525 2466 683 2537 orationi
708 2460 914 2535 assimilata.
970 2460 1044 2536 Sed
1070 2461 1215 2537 videtur
1241 2461 1380 2564 aliquid
1407 2461 1632 2538 reconditius
1656 2464 1782 2538 latere.

472 2588 511 2659 X
534 2614 573 2689 p.
598 2590 672 2660 454
686 2583 724 2657 d.
754 2579 790 2658 ri
817 2579 850 2656 δ’
873 2579 952 2658 αὐτὸ
978 2581 1133 2669 πεποίηκε
1159 2582 1213 2657 καί
1231 2578 1395 2674 Ἀγάθων
1424 2588 1438 2657 ὁ
1459 2581 1697 2692 τραγῳδοποιὸς
1722 2590 1753 2659 ἓν
1780 2587 1825 2680 τῷ
1848 2597 1912 2671 Τη-

331 2708 441 2810 λέφῳ.
474 2701 693 2818 ἀγράμματος
721 2699 790 2815 γάρ
827 2735 876 2784 τις
911 2707 1093 2781 κάνταῦθα
1125 2703 1219 2795 δηλοῖ
1246 2702 1301 2795 τὴν
1329 2709 1386 2780 τοῦ
1418 2701 1553 2792 Θησέως
1585 2706 1770 2817 ἐπιγραφὴν
1804 2701 1914 2787 οὕτως.

331 2836 468 2911 Thesei
496 2859 572 2936 quo
598 2848 708 2935 pacto
736 2835 774 2905 in
798 2830 970 2934 Telepho
995 2849 1117 2934 partes
1143 2858 1220 2906 esse
1247 2837 1437 2933 potuerint
1461 2858 1593 2909 vereor
1626 2858 1672 2907 ne
1704 2839 1801 2907 iusto
1828 2838 1912 2907 arti-

330 2960 491 3035 ficiosius
524 2957 758 3061 explicaverit
783 2954 1002 3033 Welclrerus
1033 2956 1143 3058 Trag.
1172 2983 1291 3057 graec.
1318 2984 1358 3058 p.
1385 2960 1470 3030 990.
1516 2954 1610 3032 Vide
1637 2962 1746 3059 igitur
1769 2983 1816 3032 ne
1843 2983 1941 3062 pro

331 3079 472 3182 Τηλέφῳ
505 3078 740 3158 scribendum
774 3082 820 3154 sit
851 3073 1069 3174 Τληπολέμῳ,
1105 3106 1264 3182 quorum
1298 3085 1490 3154 nominum
1526 3108 1636 3184 quam
1669 3081 1843 3184 proclivis
1868 3087 1914 3156 sit

331 3211 554 3312 permutatio
581 3204 798 3304 intelligitur
824 3229 844 3276 e
871 3201 999 3277 Schol.
1026 3204 1215 3306 Aristoph.
1239 3203 1325 3278 Pac.
1345 3207 1417 3278 527
1444 3197 1516 3279 ἔστι
1537 3201 1571 3278 δὲ
1591 3201 1757 3314 Εὐριπίδου
1784 3209 1823 3279 ἐκ
1848 3217 1913 3291 Τη-

331 3326 434 3428 λίφου
461 3319 481 3415 ἢ
506 3320 738 3416 Τληπολέμου,
770 3323 817 3399 de
844 3352 919 3427 quo
946 3324 1024 3399 dixi
1050 3326 1147 3399 Hist.
1178 3327 1288 3402 Com.
1316 3355 1355 3429 p.
1379 3334 1452 3398 385
1475 3345 1556 3401 not.
1580 3338 1641 3401 80.
1702 3328 1914 3430 Tlepolemi

332 3472 453 3532 autem
480 3451 674 3554 multiplex
700 3450 769 3526 suit
795 3453 833 3523 in
865 3450 999 3524 fabulis
1026 3450 1253 3524 Graecorum
1281 3477 1365 3524 cum
1392 3449 1540 3524 Theseo
1568 3454 1794 3527 coniunctio.

471 3578 529 3652 XI
548 3605 588 3682 p.
609 3577 735 3652 782b.
790 3575 1019 3649 Memoratur
1044 3576 1202 3679 scyphus
1228 3580 1286 3649 cui
1320 3574 1456 3650 Troiae
1483 3573 1665 3651 excidium
1691 3575 1912 3679 insculptum

333 3721 517 3780 erateum
542 3702 612 3776 hac
636 3702 894 3802 inscriptione:

642 3814 830 3930 Γριίμματιι
856 3819 1061 3932 Παρρασίοιο,
1089 3818 1196 3916 τέχνα
1221 3814 1324 3899 Μυίς.
1352 3819 1429 3913 ἐμμὶ
1454 3817 1487 3896 δὲ
1511 3817 1603 3930 ἔργον

733 3944 832 4022 Ἰλίου
859 3949 1010 4031 αἰπεινᾶς,
1037 3935 1075 4020 civ
1102 3939 1173 4020 ἕλον
1197 3942 1359 4024 Αἰακίδας.

332 4077 468 4149 Merito
487 4077 525 4146 in
538 4074 659 4147 verbis
677 4065 769 4178 ἔργον
788 4070 885 4146 Ἰλίου
905 4074 1019 4148 haesit
1042 4071 1421 4174 Schweighaeuserus,
1445 4097 1514 4146 nec
1532 4072 1682 4174 probari
1707 4087 1831 4174 potest
1852 4089 1914 4146 aut

332 4201 490 4274 lacobsii
516 4200 770 4297 interpretatio
796 4188 889 4303 ἔργον
920 4195 967 4270 de
1003 4201 1185 4271 aerumnis
1219 4214 1256 4271 et
1281 4197 1469 4271 laboribus
1496 4197 1720 4299 explicantis,
1753 4213 1815 4270 aut
1840 4195 1912 4270 Le·

332 4328 457 4397 tronni
484 4320 641 4397 Observ.
671 4347 733 4394 sur
757 4319 811 4393 les
831 4346 936 4393 noms
957 4319 1020 4395 des
1034 4347 1135 4395 vases
1158 4349 1197 4424 p.
1218 4322 1260 4396 lt
1286 4325 1335 4395 ita
1354 4320 1445 4394 haec
1463 4324 1655 4395 vertentis:
1674 4345 1775 4392 mon
1797 4323 1914 4393 suiet

335 4462 402 4520 est
435 4446 475 4517 la
507 4451 630 4547 prise¹
662 4442 713 4518 de
744 4444 786 4517 la
818 4444 952 4518 haute
983 4445 1115 4519 Ilion.
1169 4446 1255 4520 Non
1285 4444 1439 4520 dubium
1466 4443 1556 4517 mihi
1581 4447 1671 4545 quin
1695 4441 1836 4544 scypho
1857 4447 1912 4517 in·

332 4569 519 4672 sculptum
543 4569 653 4642 fuerit
684 4571 835 4643 ΕΙΚΟΝ
870 4571 1042 4671 (antiquis
1076 4573 1173 4643 enim
1200 4570 1314 4645 literis
1346 4574 1567 4672 epigramma
1594 4582 1778 4640 exaratum
1806 4571 1911 4668 erat),

335 4693 436 4798 quod
466 4719 589 4798 prono
622 4718 747 4767 errore
781 4694 871 4768 abiit
900 4696 939 4766 in
970 4695 1140 4769 ΕΡΓΟΝ.
1195 4692 1275 4768 Nec
1307 4692 1354 4769 de
1386 4693 1488 4768 hiatu
1518 4688 1723 4767 timendum
1753 4694 1793 4766 in
1822 4715 1914 4768 voce
