4492 5686
1292 231 1315 302 8

1191 345 1426 371 mmmm

510 492 624 566 verbo
657 481 820 588 ἀποδείξω
847 485 907 560 vel
938 484 1048 560 simili
1086 483 1261 587 quodam.
1316 485 1445 588 Itaque
1479 483 1692 588 Epicharmi
1724 512 1869 561 versum
1903 490 1952 562 ita
1987 488 2097 562 scribi

509 617 652 690 maIIm:
682 608 868 722 ὑγιέστερος
893 604 960 698 Salv
986 615 1057 685 ἐστι
1085 603 1285 687 κολοκύντας
1311 603 1408 684 πολιί.

648 742 686 815 Π
704 744 802 844 p.66
818 765 851 813 e.
893 735 1066 847 Νίκανδρος
1093 742 1264 845 Θηριακοῖς
1283 727 1327 810 Ἢ
1356 733 1411 811 καί
1435 732 1644 847 λεπτοθρίοιο
1666 730 1840 830 πολύχνοα
1861 732 1976 837 φύλλα
2005 733 2096 813 κονιί-

509 868 640 965 ζης(*).
693 867 884 969 Leguntur
916 865 1007 940 haec
1042 864 1174 939 eodem
1207 862 1319 938 modo
1356 867 1489 967 scripta
1522 869 1560 938 in
1587 863 1702 939 Ther.
1732 866 1818 939 875.
1873 865 2002 968 Itaque
2027 866 2095 941 Ni·

510 993 645 1070 cander
670 989 765 1102 θρίον
787 993 989 1094 penultima
1017 1008 1186 1095 correpta
1214 989 1336 1065 dicere
1362 1017 1439 1065 non
1467 989 1647 1066 dubitavit
1672 1017 1743 1094 pro
1770 989 1875 1099 θρῖον.
1929 990 2001 1066 Sed
2028 992 2095 1067 Ni-

510 1121 645 1197 cander
671 1125 708 1194 in
736 1119 958 1222 syllabarum
984 1100 1153 1192 mensura
1185 1121 1294 1192 etiam
1321 1118 1389 1191 alia
1416 1119 1486 1190 sibi
1511 1122 1677 1221 permisit
1702 1145 1723 1191 a
1748 1118 1977 1220 reliquorum
2004 1145 2095 1222 poe·

509 1265 628 1322 tarum
655 1274 721 1320 usu
749 1245 880 1318 aliena.
936 1245 992 1316 Ex
1023 1242 1097 1318 hoc
1125 1270 1256 1345 genere
1284 1260 1338 1318 est
1366 1242 1466 1346 quod
1495 1271 1572 1318 non
1598 1260 1740 1319 tantum
1767 1240 1866 1351 πρίων
1894 1245 2008 1318 Ther.
2031 1250 2093 1318 52.

510 1373 573 1448 sed
602 1376 711 1446 etiam
738 1366 851 1456 νεαλῆς
876 1369 1050 1472 Alexiph.
1072 1375 1160 1443 358.
1183 1375 1270 1442 364.
1293 1371 1380 1443 471.
1409 1362 1549 1478 γεριίνων
1567 1354 1674 1444 Alex.
1700 1373 1787 1445 576.
1818 1369 1933 1444 Ther.
1959 1375 2031 1443 620
2060 1387 2097 1445 et

511 1488 691 1607 ραδαμνοίς
707 1496 815 1570 Alex.
838 1501 900 1569 92.
921 1496 1124 1599 penultima
1145 1497 1248 1571 brevi
1275 1495 1397 1570 dicere
1424 1522 1502 1570 non
1526 1501 1662 1573 veritus
1689 1513 1755 1571 est.
1810 1496 1890 1571 Nec
1916 1494 2096 1571 minorem

511 1628 580 1700 sibi
620 1625 805 1698 licentiam
846 1626 1001 1725 sumpsit
1039 1626 1078 1696 in
1117 1648 1285 1697 mensura
1323 1625 1523 1698 verborum
1563 1612 1747 1714 βάλσαμον
1788 1622 1902 1697 Ther.
1933 1626 2019 1698 947.
2066 1627 2096 1697 si

510 1778 594 1825 sana
633 1767 687 1825 est
721 1750 833 1824 lectio
870 1743 988 1821 &taur
1023 1748 1196 1852 Alexiph.
1227 1754 1313 1823 443.
1340 1740 1521 1857 σίσνμβρα
1547 1749 1662 1824 Ther.
1692 1753 1780 1823 396.
1808 1742 1943 1857 μίουρος
1977 1749 2092 1824 Ther.

510 1879 597 1951 287.
620 1878 865 1978 aliorumque.
908 1874 959 1949 At
977 1872 1078 1977 quod
1098 1873 1195 1948 idem
1213 1874 1388 1978 Alexiph.
1412 1880 1484 1949 446
1508 1867 1642 1965 ι’ίμμιγα
1661 1867 1822 1949 ποιπνύων
1838 1871 2038 1965 ’Ὑμηττίδοα
2056 1880 2096 1949 in

506 1999 659 2095 ‘nunrrr'r
684 2008 838 2106 primam
867 2000 1054 2103 produxit,
1090 2004 1128 2075 in
1155 2027 1201 2076 eo
1228 2004 1273 2076 ab
1302 2002 1458 2076 aliorum
1485 2003 1655 2104 exemplo
1682 2019 1875 2106 poetarum
1903 2001 2096 2076 descivisse

509 2156 586 2205 non
622 2128 808 2232 putandus
847 2144 913 2202 est.
968 2124 1148 2202 Dosiades
1185 2129 1300 2203 Anth.
1340 2128 1419 2203 Pal.
1448 2129 1533 2220 XV,
1565 2135 1625 2220 25,
1649 2137 1711 2203 21.
1756 2124 1972 2219 Ὑμηττιιιδῖιν
2010 2121 2095 2201 πολὺ

508 2250 679 2365 λαροτὲρην
707 2245 857 2340 quaudiu.
908 2251 1066 2327 Nonnus
1083 2253 1191 2344 XIII,
1218 2263 1301 2328 183.
1327 2249 1467 2343 γείτονος
1486 2257 1657 2345 Ὺμηττοῖο
1678 2246 1915 2345 μελισσῆεντας
1934 2245 2095 2331 ἒναιίλους.

511 2382 720 2485 Stephanus
746 2378 837 2482 Byz.
868 2378 1007 2479 p.727.
1033 2370 1207 2467 Ὑμηττίς.
1242 2374 1279 2451 τί
1309 2409 1328 2453 υ
1357 2375 1481 2488 μακρὸν
1514 2377 1570 2454 καί
1593 2371 1727 2489 βραχύ.
1779 2382 1903 2484 Atque
1930 2381 2016 2454 hinc
2043 2397 2097 2454 est

512 2505 613 2612 quod
644 2503 742 2609 apud
765 2503 989 2608 Hesychium
1012 2503 1050 2575 Π
1075 2528 1115 2604 p.
1131 2507 1224 2574 1449
1259 2501 1442 2604 duplicata
1475 2507 1686 2579 ametabolo
1709 2502 1896 2597 Ὓμμηττίς
1920 2512 2095 2611 scriptum

511 2638 706 2738 reperitur.

652 2760 690 2831 ΙΙ
708 2757 850 2860 parf.
894 2757 952 2830 οὐκ
977 2747 1012 2828 εὖ
1037 2749 1070 2828 di
1094 2756 1236 2842 Νεοκλῆς
1263 2747 1518 2864 ὁΚροτωνιιίτης
1544 2748 1605 2854 ἔφη
1634 2750 1699 2829 ἀπὸ
1733 2758 1789 2843 τῆς
1824 2748 1958 2845 σελῆνης
1985 2763 2095 2830 πεσεῖν

511 2883 547 2960 τὸ
574 2880 631 2980 ᾠὸν
658 2887 697 2981 ἐξ
724 2880 763 2957 οὗ
785 2877 840 2969 τῆν
863 2875 990 2968 Ἑλένην
1016 2880 1220 2969 γεννηθῆναι.
1271 2882 1331 2956 De
1359 2883 1461 2957 caelo
1488 2883 1631 2985 lapsum
1650 2909 1728 2958 esse
1752 2910 1796 2957 ex
1821 2910 1896 2986 quo
1914 2884 2095 2958 Helenam

511 3014 692 3089 exclusam
724 3011 892 3084 serebant
925 3037 1034 3085 orum
1068 3025 1213 3110 praeter
1231 3008 1417 3110 ¹Neoclem
1446 3013 1554 3084 etiam
1580 3026 1724 3085 veteres
1750 3026 1879 3112 poetas
1905 3008 2094 3085 tradidisse

512 3167 556 3215 ex
580 3138 781 3214 Plutarcho
809 3138 1042 3236 cognoscitur
1067 3133 1238 3238 Sympos.
1259 3135 1310 3227 II,
1332 3144 1369 3227 3,
1390 3137 1567 3238 p.637b.
1598 3135 1653 3210 καί
1678 3130 1715 3210 τὸ
1741 3127 1927 3244 Τυνδάρειον
1954 3130 2042 3236 (ᾠὸν)
2069 3141 2098 3208 οῖ

512 3261 640 3352 ποιηταί
662 3256 816 3351 λέγουσιν
842 3255 1048 3369 οὐρανοπετὲς
1072 3260 1279 3357 ἀναφανῆναι.
1332 3261 1547 3364 Sequuntur
1578 3261 1675 3362 apud
1703 3262 1934 3337 Athenaeum
1962 3289 2005 3336 ex
2032 3288 2095 3335 eo-

514 3391 598 3466 dem
615 3389 757 3464 Neocle
782 3387 892 3462 haec:
921 3381 982 3462 τὰς
1000 3381 1066 3494 γὰρ
1092 3380 1291 3472 σεληνιτίδας
1310 3392 1467 3473 γυναῖκας
1495 3389 1641 3482 ᾠοτοκεῖν
1669 3383 1724 3461 καί
1749 3381 1823 3463 τούς
1847 3389 1917 3459 ἐκεῖ
1934 3382 2093 3476 γεννωμὲ·

513 3547 581 3595 νους
609 3508 1024 3589 πεντεκαιῶκαπλασίονας
1048 3514 1137 3601 ἡμῶν
1164 3506 1249 3594 εἶναι,
1278 3513 1320 3586 ὠς
1343 3506 1519 3621 Ἡρόδωρος
1545 3507 1806 3624 ὃἮρακλεοίπης
1826 3517 1954 3621 ἱστορεῖ.
1994 3515 2095 3588 Haec

511 3644 558 3718 de
591 3641 749 3717 mirabili
776 3638 1023 3714 foecunditate
1050 3639 1159 3712 lunae
1184 3636 1401 3712 Herodorus
1434 3643 1472 3712 in
1503 3640 1600 3715 libro
1640 3668 1750 3744 quem
1783 3639 1829 3715 de
1862 3642 1973 3715 rebus
1999 3641 2093 3714 Her·

514 3771 603 3846 culis
630 3771 775 3873 scripsit
801 3769 1011 3869 exposuisse
1036 3763 1193 3858 videtur,
1224 3782 1260 3840 et
1286 3791 1332 3839 eo
1360 3763 1511 3868 quidem
1529 3767 1614 3841 loco
1632 3769 1697 3841 ubi
1715 3766 1761 3842 de
1779 3767 1889 3841 leone
1906 3767 2093 3843 Nemeaeo

514 3898 700 3997 agebatur,
731 3920 842 3997 quem
869 3893 978 3967 luisse
1012 3896 1076 3994 qui
1108 3918 1153 3966 ex
1174 3892 1262 3966 luna
1292 3896 1488 3966 interram
1516 3891 1706 3997 delapsum
1732 3919 1809 3968 esse
1836 3891 2000 3968 dicerent
2025 3893 2093 3968 do·

512 4027 571 4096 cui
588 4020 697 4095 Anal.
718 4019 917 4094 Alexandr.
937 4047 977 4121 p.
991 4025 1051 4092 85.
1074 4021 1154 4116 (“).
1190 4018 1314 4120 Atque
1332 4017 1569 4094 Herodorum
1583 4019 1744 4095 eiusdem
1763 4020 1873 4094 fuisse
1891 4023 2090 4121 opinionis,

554 4282 602 4361 (⁴)
634 4282 659 4339 E
682 4279 830 4340 Theriacis
851 4277 990 4339 Nicandri
1018 4298 1091 4360 quae
1116 4278 1202 4341 allert
1222 4279 1350 4362 Etymol.
1379 4282 1419 4340 u.
1441 4303 1468 4362 p.
1482 4282 1531 4356 27,
1546 4281 1594 4342 51.
1615 4274 1789 4360 Αἷγοφιίγος
1815 4281 1829 4340 ὅ
1851 4275 1932 4351 Ζειίς,
1954 4283 1991 4345 ὥς
2015 4280 2094 4366 παρὰ

514 4374 657 4465 Νικάνδρῳ
679 4381 707 4439 ἒν
728 4385 884 4465 Θηριακοῖς,
912 4401 945 4440 ea
973 4379 1001 4439 in
1029 4379 1135 4440 nostris
1163 4379 1369 4460 exemplaribus
1397 4379 1502 4441 frustra
1531 4402 1657 4461 quaeras.
1698 4382 1756 4443 Sed
1777 4381 1959 4443 scribendum
1981 4381 2095 4443 videtur

512 4483 540 4540 ἐι·
562 4475 728 4555 undeunde,
750 4501 874 4560 quorum
896 4478 1001 4539 librum
1023 4480 1141 4539 tertium
1163 4479 1257 4540 laudat
1278 4479 1378 4541 Schol.
1400 4481 1489 4541 Ther.
1513 4478 1581 4540 214.

554 4599 622 4677 (st)
653 4598 739 4658 Locis
762 4598 800 4657 lbl
822 4596 913 4658 allalls
934 4598 1005 4658 adde
1027 4596 1172 4657 Plutarch.
1194 4598 1260 4657 Fac.
1281 4598 1356 4658 Lun.
1378 4597 1507 4678 p.937f.
1533 4587 1634 4656 aduror
1655 4599 1679 4656 ei
1698 4591 1766 4656 λίων
1787 4622 1829 4661 τις
1850 4592 1949 4656 ἔπεσεν
1971 4596 2024 4657 ilerd
2045 4594 2095 4686 ριί-

512 4724 566 4773 μης
587 4699 626 4761 εἰς
646 4689 866 4769 Πελοπίννητον,
893 4688 974 4780 sigub
1000 4697 1060 4756 ἔστι
1086 4689 1253 4768 θαυμάσαι,
1279 4694 1345 4756 ἄλλ’
1371 4690 1447 4761 ὅπως
1474 4696 1505 4756 οὗ
1527 4692 1610 4783 μυρία
1632 4697 1733 4783 δρῶμεν
1754 4690 1797 4756 riri
1818 4697 1969 4769 πεσῆμοιτιι
1990 4696 2095 4785 ἀνδρῶν

512 4793 561 4859 καί
588 4793 819 4871 ἁπολακτισμοιίς
838 4790 921 4866 βίαν.
963 4799 997 4858 In
1020 4797 1063 4860 bis
1085 4800 1187 4882 tragici
1208 4809 1312 4881 poetae
1334 4797 1403 4860 latet
1424 4797 1555 4861 trimeter
1579 4791 1717 4870 πεσῆμιιτ’
1740 4793 1846 4884 ἀνδρῶν
1872 4793 2094 4873 κάπολακτισμοὶ
