4492 5686
1245 215 1294 290 lo

1147 332 1386 361 ΜΜΜΜΜΜ

477 474 595 580 genda
619 497 709 566 esse,
734 490 776 548 ut
801 472 926 550 Venus
951 472 1062 548 flores
1088 471 1135 547 ad
1162 473 1320 549 corollas
1349 475 1578 551 coniunxisse
1596 473 1750 552 dicatur.
1793 479 1910 556 Versu
1928 500 2058 586 quarto

476 595 709 676 scribendum
736 591 875 708 χρυσέη.

616 721 690 798 XV
707 751 747 825 p.
765 726 853 795 683.
903 720 1079 795 Nicandri
1101 719 1369 823 Georgicorum
1390 722 1554 826 eclogam
1575 729 1725 801 tractavi
1744 724 1904 829 Specim.
1924 728 2058 832 Ipso

475 873 559 950 sqq.
602 844 747 920 Addam
775 873 873 920 nunc
899 845 979 934 alia,
1006 852 1036 920 si
1063 844 1152 948 quid
1179 846 1276 920 forte
1302 844 1347 919 ad
1374 852 1640 951 corruptissimi
1658 853 1826 925 carminis
1843 854 1952 926 crisin
1969 878 2058 927 con·

473 971 571 1047 ferre
596 973 802 1072 contigerit.
857 969 903 1043 In
928 974 1009 1073 ipso
1036 973 1156 1045 statim
1183 972 1289 1045 initio
1315 974 1439 1044 nescio
1467 999 1513 1046 an
1540 976 1725 1076 scripserit
1750 990 1879 1077 poeta:

807 1085 951 1167 Ἀλλοτε
975 1088 1031 1185 μὲν
1058 1088 1199 1200 σπείροις
1224 1122 1261 1167 τε
1286 1090 1341 1166 καὶ
1367 1095 1410 1172 ὥς
1436 1096 1537 1205 ὡραῖα
1563 1090 1712 1195 φυτεύοις

815 1208 904 1303 άνθη
927 1212 1100 1305 Ἰαονίηθε.

473 1341 596 1444 Vulgo
623 1338 715 1413 ἀλλὰ
740 1335 784 1413 τοὶ
809 1334 865 1430 μέν
892 1341 1038 1444 legitur.
1094 1343 1224 1416 Altero
1254 1368 1361 1417 versu
1392 1334 1481 1430 ἄνθη
1507 1340 1672 1432 Ἰαονίηθε
1697 1342 1835 1420 dictum
1861 1362 1903 1420 ut
1926 1346 2058 1421 Hesio·

474 1465 585 1540 deum
609 1464 701 1540 illud
728 1459 858 1538 Μοῦσαι
883 1459 1053 1573 Πιερίηθεν
1081 1484 1118 1541 et
1143 1465 1383 1568 Virgilianum
1407 1485 1566 1569 pastor
1590 1471 1644 1544 ab
1671 1469 1940 1574 Amphryso.
1995 1471 2056 1543 Io-

472 1593 571 1666 niam
595 1606 717 1664 autem
743 1588 907 1691 intellige
933 1590 1109 1683 Eliacam,
1139 1593 1242 1664 cuius
1270 1615 1417 1692 perrara
1445 1590 1541 1695 apud
1568 1611 1710 1670 veteres
1737 1596 1927 1667 memoria.
1975 1593 2052 1669 cfr.

473 1713 609 1790 Strabo
629 1713 721 1788 VIII
748 1740 788 1814 p.
817 1718 890 1785 346
925 1712 1077 1786 ἐνταῦθα
1108 1709 1141 1786 dd
1174 1710 1229 1787 nal
1260 1705 1348 1802 άλση
1382 1706 1419 1788 τί
1450 1744 1488 1789 τε
1518 1719 1659 1792 Ἰωναῖον
1693 1713 1749 1791 καί
1773 1712 1810 1791 τὸ
1832 1710 2053 1824 Εὐρυκύδειον,

474 1835 577 1941 quod
612 1837 745 1910 frustra
777 1841 816 1909 in
848 1838 927 1911 vitii
957 1839 1203 1940 suspicionem
1234 1855 1405 1913 vocatum
1436 1856 1502 1914 est.
1557 1839 1702 1917 Eodem
1728 1846 1915 1945 pertinent
1939 1840 2056 1945 Nym·

472 1961 570 2065 phae
596 1958 745 2036 Ionides
771 1963 807 2032 in
836 1963 1075 2062 sequentibus
1100 1987 1120 2033 a
1145 1957 1333 2034 Nicandro
1360 1981 1668 2041 commemoratur
1692 1983 1731 2041 et
1756 1993 1777 2039 a
1798 1964 1975 2039 Pausania
1992 1963 2055 2046 VI,

475 2093 537 2178 22,
560 2085 596 2159 7.
626 2077 770 2174 ὅνέματα
796 2077 853 2175 μέν
879 2075 1004 2180 ἑκάστη
1030 2084 1094 2157 τῶν
1122 2085 1255 2183 νυμφῶν
1281 2077 1490 2185 Καλλιφάεια
1517 2082 1573 2159 καί
1591 2080 1802 2189 Συνάλλαξις
1823 2080 2057 2188 (Συνάλθαξις

471 2209 640 2284 Lobeclr.
668 2207 776 2283 Path.
802 2235 841 2310 p.
867 2211 957 2306 510)
991 2204 1046 2281 nol
1076 2204 1209 2296 Πηγαία
1239 2238 1276 2282 τε
1301 2206 1356 2282 καί
1372 2201 1490 2291 Ἴασις,
1516 2210 1547 2281 ἓν
1575 2209 1665 2302 κοινῷ
1691 2203 1725 2282 δέ
1749 2230 1865 2306 σφισιν
1891 2207 2056 2295 ἒκίκλησις

467 2327 617 2410 Ἰωνίδες.
643 2324 824 2423 λουομένοις
853 2326 888 2405 ds'
919 2334 949 2404 ἓν
983 2332 1020 2427 τῇ
1054 2332 1143 2428 πηγῇ
1169 2324 1326 2423 καμάτων
1352 2329 1390 2406 τέ
1413 2335 1485 2407 ἔστι
1511 2327 1567 2405 καί
1591 2323 1793 2422 ἀλγημάτων
1820 2327 1978 2404 παντοίων
2004 2323 2054 2402 ι’ά·

472 2485 582 2548 ματα.
613 2454 798 2531 καλεῖσθαι
822 2450 855 2528 δὲ
880 2451 941 2531 τὰς
974 2447 1103 2553 νύμφας
1136 2451 1200 2529 άπὸ
1219 2448 1327 2531 Ἴωνος
1351 2449 1488 2544 λέγουσι
1512 2448 1703 2563 Γαργηττου
1728 2448 1982 2546 μετοικήσαντος
2005 2459 2053 2527 ἒν-

472 2578 593 2656 παῦθα
617 2581 656 2680 ἐξ
677 2578 838 2664 Ἀθηνῶν.
889 2578 954 2651 Vs.
980 2580 1002 2650 6
1030 2578 1119 2651 ferri
1150 2604 1227 2652 non
1252 2596 1376 2681 potest
1403 2577 1504 2680 quod
1530 2583 1599 2653 viri
1625 2578 1726 2653 docti
1760 2583 1901 2656 restitui
1926 2578 2054 2655 volue-

471 2721 560 2780 runt
584 2694 728 2797 χλούνην
754 2731 805 2790 γε.
857 2699 1091 2775 Probabilius
1116 2727 1260 2776 versum
1288 2699 1463 2777 excidisse
1489 2700 1600 2776 dicas.
1655 2701 1719 2776 Vs.
1746 2712 1789 2776 10
1816 2706 1882 2777 ubi
1904 2701 1950 2778 de
1973 2730 2054 2805 spa·

471 2832 526 2904 tio
551 2845 665 2931 poeta
691 2824 792 2917 dicit,
824 2822 926 2927 quod
953 2828 1050 2900 inter
1074 2825 1184 2900 binos
1208 2850 1378 2928 quosque
1398 2850 1564 2900 rosarum
1588 2825 1753 2901 surculos
1771 2822 2054 2929 relinquendum

471 2957 531 3045 sit,
568 2969 668 3026 recte
696 2947 846 3053 quidem
876 2939 951 3022 ὅσον
983 2952 1068 3053 (pro
1101 2943 1185 3047 ὁδὸν)
1219 2940 1424 3023 λπάλαιστα
1454 2943 1618 3023 τελέσκων
1651 2948 1885 3025 scribendum
1910 2954 2050 3043 monui,

472 3094 509 3152 at
534 3092 725 3181 praeterea
759 3070 919 3149 τελέσκων
951 3071 1210 3175 corrigendum
1241 3101 1326 3148 cum
1351 3058 1518 3149 Lobecls.
1539 3071 1658 3148 Paral.
1679 3102 1719 3177 p.
1737 3079 1824 3149 1135.
1881 3074 2052 3150 Ceterum

470 3198 617 3305 pedalia
641 3202 682 3298 (i.
704 3223 739 3272 e.
760 3188 978 3296 λιιάλαιστα)
1000 3222 1166 3270 rosarum
1187 3197 1378 3272 intervalla
1400 3214 1664 3273 commemorat
1684 3201 1791 3272 etiam
1811 3195 1951 3273 Plinius
1965 3197 2050 3272 ΗΝ.

470 3323 579 3415 XXI,
608 3330 671 3394 21.
732 3320 797 3394 Vs.
824 3329 867 3392 13
899 3324 1104 3392 necessario
1131 3315 1379 3409 scribendum,
1422 3316 1522 3419 quod
1555 3324 1628 3390 iam
1653 3320 1914 3395 Valckenarius
1944 3319 2048 3410 vidit,

472 3440 535 3520 αἰέν
560 3448 591 3518 ἓν
617 3434 785 3546 ἑξήκοντα
829 3441 893 3517 Vs.
915 3446 1032 3546 lfisq.

829 3561 897 3641 οὐδ’
924 3561 1005 3653 αὕτη
1030 3557 1215 3675 Λεύκοφρυν
1242 3559 1461 3656 ἀγασσαμένη
1488 3557 1683 3664 ἐπιμεμφής,

827 3684 975 3778 Ληθαίου
1000 3681 1174 3778 Μάγνητος
1197 3691 1247 3788 ἐφ’
1274 3681 1388 3765 ύδασιν
1414 3683 1636 3764 εὐθαλέουσα.

469 3820 526 3894 Ita
551 3819 628 3892 sere
654 3817 746 3892 haec
770 3817 930 3892 restituit
955 3813 1334 3918 Schweighaeuserus,
1363 3817 1466 3889 cuius
1491 3818 1671 3890 rationem
1695 3818 1759 3917 qui
1778 3831 1975 3919 propterea
1993 3842 2049 3892 re-

469 3946 611 4035 iiciunt,
643 3939 744 4043 quod
778 3966 855 4015 non
890 3941 1010 4014 omitti
1040 3942 1157 4041 possit
1190 3965 1327 4014 nomen
1358 3930 1464 4028 πόλις,
1495 3965 1558 4013 eos
1583 3936 1767 4042 redarguit
1794 3937 1926 4014 Critias
1952 3937 2049 4041 apud

468 4065 607 4141 Athen.
627 4065 647 4139 I
664 4091 703 4167 p.
722 4071 783 4138 28.
812 4067 830 4151 ἡ
857 4056 894 4136 τά
921 4056 1022 4136 καλὸν
1047 4054 1233 4170 Μαράθωνι
1259 4054 1510 4150 καταστήσασα
1534 4055 1695 4171 τρύπανον.
1746 4063 1810 4138 VS.
1833 4071 1893 4136 22.

827 4178 914 4293 έφρα
938 4177 995 4258 dio
1022 4178 1217 4294 spondeum
1240 4180 1388 4278 ἓπιζυγέ’
1416 4179 1486 4260 dves
1512 4176 1691 4296 κορύμβοις

827 4304 942 4402 μέσσα
968 4307 1185 4418 συνωρίζωσιν
1210 4303 1421 4419 ὑπερφιάλοιο
1446 4303 1609 4403 μετυίπου.

466 4439 524 4513 Ita
549 4435 785 4511 scribendum
810 4461 888 4511 esse
913 4460 983 4537 pro
1011 4432 1112 4510 edito
1137 4429 1343 4526 ἐπιζυγέοντε
1366 4440 1438 4512 iam
1460 4437 1548 4513 olim
1568 4439 1714 4529 monui;
1742 4459 1840 4507 nunc
1859 4429 1956 4508 addo
1976 4461 2048 4537 pro

467 4555 583 4654 μέσσα
613 4557 870 4665 reponendum
904 4557 1020 4635 videri
1059 4560 1161 4663 quod
1196 4585 1322 4636 seusus
1354 4562 1429 4636 loci
1462 4560 1625 4664 postulat
1655 4551 1782 4655 μέσφα
1834 4555 1899 4632 Vs.
1925 4560 1971 4633 27
2000 4557 2046 4633 de

468 4679 585 4794 ἀρνηεις
617 4686 685 4762 cfr.
721 4683 883 4788 Specim.
908 4683 928 4756 I
949 4712 989 4787 p.
1010 4687 1069 4759 16.
1128 4683 1189 4761 Va.
1210 4689 1257 4758 39
1287 4682 1408 4762 editur
1433 4678 1525 4786 φλὸξ
1556 4678 1589 4757 δὲ
1621 4681 1705 4757 θεοῦ
1740 4682 1876 4780 αὐγῇσιν
1907 4683 2064 4792 (ἔνορχα.
