4492 5686
1107 191 1131 263 2

1002 305 1236 331 mmmm

332 444 472 546 singula
498 458 583 518 sunt
608 446 833 518 comicorum
859 460 1053 547 poetarum
1080 443 1189 537 dicta,
1219 448 1288 518 nisi
1315 444 1415 547 quod
1438 473 1531 548 quae
1553 446 1715 521 secundo
1736 448 1822 523 loco
1843 475 1912 552 po·

333 574 399 645 sita
424 568 540 661 vides,
571 565 625 642 nol
647 564 684 642 σδ
705 565 851 678 πέρδικος
872 568 1003 663 σκέλος,
1033 597 1079 644 ex
1101 573 1299 672 proverbio
1320 575 1435 673 petita
1457 591 1554 663 sunt,
1586 600 1660 676 quo
1683 575 1807 678 lepide
1828 603 1914 650 usus

334 722 411 771 esse
437 697 553 770 fertur
578 697 744 799 Hegemo
772 697 941 788 Thasius,
980 699 1043 798 qui
1074 698 1191 770 sicubi
1221 696 1392 798 parodias
1424 696 1567 773 ludenti
1596 699 1771 776 haerebat
1804 728 1911 804 aqua,

333 825 513 897 subiicere
542 823 685 897 solebat
717 819 771 896 ani
796 818 832 896 πὸ
860 817 1012 930 Πέρδικος
1036 816 1167 915 σκέλος,
1203 827 1262 895 cui
1288 849 1364 897 non
1392 823 1513 897 habeo
1540 824 1641 927 quod
1668 830 1786 928 aptius
1813 853 1913 901 com·

332 953 453 1052 parari
473 954 590 1051 possit
612 977 721 1052 quam
741 948 834 1023 illud
855 947 1041 1051 Euripidis
1055 947 1315 1050 Aristophanei
1336 942 1497 1036 ληκύθιον
1519 944 1690 1024 ἀπώλεσα
1717 951 1810 1025 Rem
1831 979 1914 1027 nar-

332 1093 388 1151 rat
406 1075 582 1183 Append.
600 1073 713 1152 Prov.
736 1075 903 1177 Gotting.
923 1075 975 1167 Π,
994 1078 1055 1149 65.
1079 1076 1135 1148 Ἐν
1157 1068 1255 1147 πανπέ
1272 1067 1375 1170 μύθῳ
1397 1073 1452 1148 καὶ
1476 1071 1513 1149 τὸ
1534 1071 1685 1185 Πέρδκος
1705 1072 1837 1155 σκέλος;
1864 1077 1916 1151 ἐπὶ

332 1202 396 1274 τῶν
427 1197 517 1275 κατὰ
546 1196 680 1309 ἀπορίαν
706 1192 808 1288 λέγον
837 1192 1047 1308 παρελκοιέσῃ
1069 1193 1248 1308 χρωμένων
1274 1202 1313 1297 σῇ
1339 1195 1530 1307 προσθήκῃ.
1569 1197 1689 1311 Πέρδιξ
1713 1198 1779 1311 γὰρ
1806 1195 1840 1289 ἦν
1867 1233 1916 1280 τις

326 1320 491 1414 Ἀθήνησι
514 1321 629 1419 χωλὸς
655 1319 816 1412 κάπηλος,
845 1319 883 1399 οὗ
905 1315 1165 1417 διαβεβοημένου
1182 1319 1337 1416 Ἡγήμων
1359 1329 1373 1399 ὁ
1395 1320 1519 1405 Θάσιος
1539 1320 1635 1402 trive
1657 1324 1812 1438 παρῳδῶν
1831 1332 1914 1403 ἀπο-

332 1446 438 1564 ρήσειε
463 1449 656 1562 προσετίθει
682 1449 764 1540 ,καὶ
789 1446 826 1525 ri
850 1445 1002 1553 Πέρδκος
1027 1446 1180 1529 σκέλος”.
1219 1453 1383 1529 Fuerunt
1408 1458 1517 1529 etiam
1543 1455 1633 1529 aliae
1661 1461 1737 1530 eius
1761 1481 1914 1558 prover·

332 1583 386 1656 bii
410 1583 564 1673 formae,
594 1579 709 1654 veluti
736 1573 791 1652 soi
815 1573 851 1651 ri
877 1570 1044 1652 Δαιδιέλου
1070 1570 1188 1671 μέσος,
1219 1577 1265 1653 de
1291 1605 1366 1681 quo
1387 1579 1470 1656 vide
1491 1582 1636 1656 Zenob.
1653 1582 1716 1669 IV,
1732 1585 1768 1656 6.
1799 1598 1835 1656 et
1861 1579 1916 1655 nui

333 1702 371 1784 πδ
395 1700 535 1796 Κῆπιδος
560 1700 692 1797 σκέλος,
722 1708 822 1779 cuius
848 1733 962 1779 uuum
988 1722 1118 1780 testem
1143 1705 1321 1780 habemus
1347 1706 1584 1810 Hesychium‚
1614 1699 1753 1795 Κήπιδος
1779 1704 1914 1785 σκέλοςι

335 1829 544 1946 παροιμιῶδες
568 1824 602 1920 ἦν
629 1829 730 1931 (add.
755 1825 858 1930 κατὰ)
883 1826 920 1904 σέ
946 1826 1097 1939 Πέρδκος
1122 1826 1251 1908 σκέλος.
1292 1830 1404 1926 Quod
1432 1837 1519 1907 item
1548 1859 1592 1908 ex
1618 1839 1760 1909 comico
1786 1853 1912 1937 poeta,

336 1968 401 2066 qui
428 1958 622 2063 Cepidem‚
651 1959 803 2032 sortasse
825 1957 931 2031 illum
955 1956 1141 2032 Adimanti
1165 1975 1308 2061 patrem
1335 1985 1353 2032 a
1380 1958 1537 2034 Platone
1563 1960 1711 2062 Protag.
1737 1966 1861 2063 p.315
1879 1986 1912 2034 e.

334 2103 576 2165 memoratum
609 2082 730 2158 ridere
758 2085 888 2175 voluit,
926 2083 1127 2159 derivatum
1154 2110 1231 2158 esse
1258 2089 1435 2187 suspicor.
1483 2085 1594 2180 Quod
1622 2088 1788 2188 Hegemo
1816 2085 1916 2160 Tha·

335 2220 408 2291 sius
434 2213 634 2316 proverbio
660 2209 727 2282 illo
755 2215 807 2284 sic
830 2227 1003 2313 utsupra
1028 2210 1228 2285 indicatum
1251 2228 1306 2286 est
1326 2239 1412 2285 usus
1433 2212 1562 2304 fertur,
1592 2211 1817 2287 documento
1839 2237 1916 2287 esse

335 2339 493 2427 videtur,
527 2361 606 2409 non
631 2333 858 2408 hexametras
883 2351 1024 2408 tantum
1050 2335 1112 2410 sed
1140 2339 1313 2411 iambicus
1339 2342 1448 2411 etiam
1472 2336 1644 2440 parodias
1670 2337 1833 2414 dicacem
1862 2343 1915 2413 vi·

334 2493 418 2543 rum
444 2459 594 2537 fudisse.
636 2457 717 2534 Cir.
732 2457 870 2532 Athen.
886 2456 955 2530 IX.
971 2461 1097 2559 paor
1112 2484 1145 2530 a.
1189 2459 1389 2533 Clearchus
1415 2479 1550 2554 autem,
1582 2492 1693 2565 quem
1718 2482 1919 2540 antestatur

335 2590 560 2678 Athenaeus,
590 2585 653 2659 illa
681 2583 728 2658 de
753 2581 950 2685 Pamphilo
977 2598 1014 2656 ot
1041 2580 1222 2655 Cleanthe
1246 2586 1285 2656 in
1309 2582 1412 2656 libris
1439 2581 1509 2691 περὶ
1530 2591 1706 2693 παροιμιῶν
1726 2589 1917 2665 tradidisse

337 2714 495 2794 videtur.

477 2841 591 2943 Ip.8
614 2863 648 2911 e.
690 2831 741 2909 ἵνα
773 2830 869 2924 κᾶγιδ
900 2829 937 2908 σέ
970 2825 1182 2924 στεγανόμιον
1210 2829 1349 2926 κομίζων
1376 2830 1621 2942 παραγένωμαι.
1659 2829 1828 2924 ‚jarossa
1850 2832 1917 2946 γὰρ

338 2964 401 3044 niis
426 2961 523 3042 dodoi
542 2956 706 3056 θέομον”.
745 2963 846 3038 Haec
871 2965 1056 3063 primitiva
1081 2960 1188 3034 huius
1215 2988 1293 3035 non
1318 2978 1392 3036 tam
1418 2963 1608 3063 proverbii
1635 2989 1745 3064 quam
1770 2981 1916 3039 senten·

337 3101 409 3172 tiae
441 3122 486 3171 cx
517 3097 625 3195 epico
656 3066 766 3192 poeta
798 3086 928 3161 ductae
960 3086 1077 3161 forma
1109 3104 1176 3178 est,
1212 3115 1321 3189 quarn
1348 3104 1493 3191 praeter
1517 3087 1608 3162 alios
1635 3093 1753 3163 minus
1778 3093 1917 3191 integre

337 3218 501 3297 reddidit
524 3214 736 3290 Eustatbius
761 3212 935 3287 Prooem.
959 3211 1069 3286 Piud.
1094 3211 1153 3286 ed.
1171 3213 1401 3288 Schneidew.
1426 3242 1465 3315 p.
1479 3222 1539 3289 23.
1569 3207 1727 3310 Δελφέσε
1749 3209 1781 3287 δέ
1800 3218 1939 3322 ἔρωσιν-Δ

338 3343 413 3424 &sir
435 3339 472 3418 σι’
489 3332 629 3449 πάρεστι
648 3332 780 3422 θύσων,
798 3339 931 3420 παιᾶνα,
955 3332 1039 3411 εἶπε·
1057 3383 1097 3397 ·-
1116 3326 1230 3447 πρόςδ
1258 3345 1425 3412 συλλαλοῖ
1447 3335 1536 3412 nuli
1562 3333 1724 3449 γράψας,
1758 3342 1799 3418 ὠς
1832 3333 1916 3413 αἴκα·

339 3504 406 3550 πνα
430 3461 573 3544 θέουσιν
592 3461 697 3541 ἀοιδοί.
728 3466 805 3542 Ubi
820 3491 932 3568 quem
946 3462 1244 3542 Schneidewinus
1263 3466 1371 3540 ailert
1402 3465 1661 3561 Philodemum
1689 3470 1727 3541 in
1763 3466 1914 3541 Volum.

338 3598 490 3677 Hercul.
512 3597 545 3670 I.
561 3622 600 3697 p.
613 3598 675 3687 95,
697 3602 755 3668 10.
777 3583 947 3700 βραχεῖαν
980 3586 1013 3664 δέ
1036 3585 1073 3665 σέ
1100 3586 1196 3682 μέλος
1223 3587 1296 3684 ἔχει
1321 3584 1492 3675 σύνθεσιν,
1521 3587 1640 3667 καδπδν
1662 3587 1813 3700 Πίνδαρον
1835 3584 1916 3666 οὕτω

338 3724 484 3821 νομίζειν,
509 3714 558 3797 ἴτ’
586 3712 647 3819 ἔφη
672 3712 793 3794 θύσων
820 3710 1026 3805 ποιήσεσθαι
1045 3708 1271 3827 διθύραμβον,
1297 3722 1335 3793 in
1364 3745 1409 3794 eo
1439 3746 1510 3822 pro
1536 3711 1656 3793 θύσων
1682 3718 1917 3795 scribendum

340 3869 395 3929 est
421 3850 523 3955 quod
551 3851 728 3925 sententia
753 3846 891 3947 flagitat
914 3840 1050 3919 θυσίαν.
1687 3930 1694 3941 ι

478 3976 682 4077 Ip.1ab.
717 3973 1009 4047 Halieuticorum
1040 3974 1205 4047 versibus
1235 3975 1455 4074 scriptorum
1491 3988 1659 4047 auctores
1684 3988 1919 4046 recensentur

341 4102 522 4181 Caecilius
547 4101 716 4201 Argivus,
751 4096 956 4172 Numenius
980 4098 1211 4190 Heracleote,
1247 4097 1443 4174 Pancrates
1469 4096 1660 4189 Arcadius,
1696 4096 1917 4172 Posidonius

259 4216 262 4221 ⁵
341 4228 569 4318 Corinthius,
599 4223 793 4328 Oppianus
814 4224 924 4300 Cilix.
966 4223 1010 4297 In
1035 4223 1168 4298 borum
1193 4241 1387 4327 poetarum
1414 4249 1566 4298 recensu
1590 4251 1703 4325 quum
1724 4225 1917 4298 manifesto

339 4355 550 4431 Athenaeus
570 4370 781 4454 temporum
803 4349 970 4425 ordinem
992 4366 1166 4451 sequutus
1188 4354 1246 4442 sit,
1277 4349 1436 4425 dubitari
1456 4366 1580 4452 potest
1601 4376 1689 4423 num
1712 4354 1776 4451 qui
1796 4353 1917 4450 primo

339 4483 427 4557 loco
449 4495 672 4555 memoratur
697 4494 807 4580 poeta
826 4493 926 4553 recte
947 4475 1154 4579 appelletur
1172 4470 1348 4568 Καικίλιος,
1374 4502 1450 4578 quo
1478 4480 1627 4550 nomine
1646 4475 1806 4575 ¹Argiuus
1831 4479 1917 4549 scri·

339 4624 428 4714 ptor
451 4606 652 4697 Numenio,
683 4608 746 4707 qui
772 4620 855 4679 ante
879 4602 1106 4677 Nicandrum
1132 4606 1233 4694 vixit,
1262 4618 1378 4676 aetate
1404 4605 1574 4704 superior
1597 4604 1652 4674 uti
1678 4627 1753 4675 non
1780 4606 1915 4704 potuit.

340 4732 496 4812 Accedit
519 4730 621 4835 quod
647 4731 737 4808 haec
762 4733 922 4806 nominis
953 4728 1070 4804 forma
1103 4755 1124 4803 a
1148 4727 1323 4804 Reinesio
1350 4725 1498 4802 demum
1523 4731 1666 4805 invecta
1697 4744 1763 4802 est.
1812 4728 1918 4802 Libri
