4492 5686
1023 205 1069 277 31

258 465 385 565 scripsi
410 464 594 544 ἀναπεσεῖν,
622 461 723 564 quod
750 463 943 564 proprium
970 457 1016 534 de
1043 461 1344 537 accumbentibus
1370 464 1525 539 verbum
1551 480 1619 539 cst.
1670 464 1749 540 cfr.
1765 465 1841 540 Lo·

258 585 366 661 beck.
396 585 534 689 Phryn.
564 613 603 689 p.
633 587 720 659 216.
774 585 830 659 Ac
861 583 1081 660 confirmant
1112 584 1206 661 hanc
1239 584 1533 662 emendationem
1563 593 1753 690 sequentia
1778 581 1843 663 ὑπό

257 738 290 785 τι
314 704 382 818 γὰρ
400 700 527 783 δέδοικά
553 735 593 782 σε
618 700 662 800 μή
688 737 749 800 μου
776 700 1007 815 προπεσούσης
1032 700 1251 800 τούμπλόκιον
1277 704 1495 820 ὑπεκτράγῃς.
1546 713 1638 787 Mox
1662 711 1718 786 lit.
1740 711 1767 787 f.
1787 711 1841 787 le·

259 850 392 936 guntur
417 832 529 907 haec:

667 953 809 1029 καὶτῶν
835 957 981 1065 ἐραστῶν
1009 958 1170 1064 Συριακοῦ
1198 987 1279 1036 τινος
1304 953 1396 1061 ξένου

666 1074 865 1171 πέμψαντος
891 1081 971 1178 αὐτῇ
997 1072 1097 1173 perdta
1124 1075 1285 1190 σαπέρδην
1310 1081 1357 1154 θ’
1385 1074 1448 1156 ἕνα.

258 1207 410 1309 Ineptus
435 1228 524 1280 vero
550 1218 692 1279 amator
716 1233 853 1279 unum
880 1203 1072 1309 superdam
1098 1211 1234 1280 amicae
1261 1205 1362 1282 dono
1391 1213 1551 1283 mittens.
1597 1205 1841 1284 Scribendum

259 1324 420 1438 occipias
435 1317 571 1419 θ’ἅμα,
585 1331 623 1401 in
637 1354 712 1431 quo
727 1321 890 1436 caripdis
903 1329 1099 1405 collectivo
1113 1356 1221 1403 sensu
1235 1330 1501 1433 accipiendum,
1518 1323 1691 1421 ut‘edturc‘s
1706 1349 1742 1406 et
1755 1331 1838 1405 alia.

398 1452 493 1527 XIII
515 1481 554 1555 p.
580 1457 653 1528 580
672 1454 711 1527 b.
765 1452 810 1525 In
837 1451 1030 1526 Machonis
1057 1453 1205 1554 eclogae
1230 1481 1284 1530 rs.
1308 1460 1357 1526 34
1390 1481 1467 1530 non
1493 1458 1609 1558 recipi
1635 1452 1795 1530 debebat
1821 1481 1842 1528 a

257 1574 456 1651 Dindorfio
483 1574 584 1679 quod
615 1602 682 1677 ego
710 1575 799 1650 olim
825 1581 1074 1669 conieceram3
1102 1573 1201 1649 aliud
1226 1582 1355 1654 vitium
1380 1578 1494 1653 latere
1522 1576 1682 1653 ostendit
1703 1578 1841 1682 duplex

257 1702 412 1777 verbum
439 1699 583 1774 finitum
608 1691 740 1786 ἐνήλατο
768 1717 804 1775 et
829 1694 986 1783 ἐνέπεσεν,
1014 1727 1173 1802 quorum
1199 1705 1302 1802 prius
1332 1728 1353 1775 a
1379 1705 1557 1777 sententia
1581 1702 1657 1777 loci
1682 1702 1842 1776 alienum

259 1842 325 1900 est.
379 1824 454 1899 Pro
481 1827 554 1898 ποτ’
582 1813 622 1896 ὢν
649 1821 818 1899 desidero
844 1828 1092 1928 participium,
1121 1815 1245 1911 ἐνήλατ’
1273 1841 1394 1900 autern
1421 1825 1574 1900 fortasse
1606 1851 1676 1928 pro
1701 1817 1842 1909 ἐνήλατα

258 1945 525 2052 accipiendum.
563 1948 607 2021 In
627 1949 867 2048 sequentibus
885 1946 969 2022 vide
995 1974 1041 2021 an
1068 1947 1303 2022 scribendum
1331 1952 1389 2022 sit:
1413 1937 1449 2033 ui
1464 1944 1520 2032 τὴν
1543 1944 1638 2044 φίλην
1655 1941 1840 2054 Δήμητραν,

258 2067 375 2148 ἀδίκως
401 2071 590 2178 τοιγαροῦν,
618 2069 721 2172 quod
751 2075 860 2146 etiam
893 2087 1011 2144 metro
1043 2070 1353 2145 accommodatius
1387 2088 1452 2146 est.
1508 2071 1568 2145 Dc
1601 2065 1775 2179 Δήμητραν
1802 2099 1837 2147 v.

257 2194 426 2271 Lobeck.
442 2194 563 2269 Paral.
578 2221 618 2295 p.
635 2199 718 2266 142.
742 2193 806 2269 Vs.
825 2197 872 2267 to
896 2194 1021 2269 malim
1045 2222 1143 2269 nunc
1171 2189 1350 2298 κᾶλίπαρον
1370 2221 1480 2296 qnam
1503 2193 1606 2296 quod
1627 2196 1735 2272 Curis
1756 2199 1836 2269 crit.

257 2347 296 2421 p.
312 2321 360 2391 66
375 2321 517 2391 conieci
545 2312 599 2389 nul
626 2308 776 2423 ρυπαρᾶν.

399 2440 492 2513 XIII
509 2467 549 2541 p.
568 2443 637 2511 581
656 2466 689 2512 c.
744 2434 924 2514 Machon:
954 2433 1038 2512 eires
1062 2433 1111 2511 δέ·
1133 2432 1184 2517 δὸς
1200 2431 1275 2513 ὅσον
1293 2439 1469 2532 ἐπιθυμεῖς
1490 2434 1603 2550 πάτερ.
1655 2442 1745 2518 Post
1765 2434 1839 2517 door

260 2563 393 2640 excidit
419 2567 554 2665 opinor
579 2558 688 2658 φησίν,
716 2561 817 2663 quod
844 2588 953 2664 saepe
978 2562 1039 2637 hic
1058 2568 1216 2667 scriptor
1236 2580 1322 2667 post
1342 2559 1426 2638 εἶπεν
1444 2566 1568 2656 infert,
1597 2583 1639 2640 ut
1660 2595 1700 2669 p.
1718 2571 1836 2640 582a.

257 2692 275 2774 ἡ
303 2684 333 2761 δ’
361 2682 428 2760 εἷπε
454 2678 634 2776 nealcae,
661 2675 727 2776 εὖγ’
755 2680 805 2758 ἵνα
831 2691 1006 2783 Σοφοκλεῖ
1024 2677 1144 2768 λαβὼν
1172 2683 1234 2781 δῷς
1258 2683 1349 2784 φησί,
1377 2692 1451 2763 582
1466 2718 1499 2763 c.
1528 2690 1543 2760 ὅ
1572 2683 1715 2786 κναφεῦς
1741 2684 1771 2761 d'
1798 2682 1839 2760 ei-

259 2842 328 2900 πεν,
354 2802 392 2884 ἂν
417 2813 449 2900 «γ’
476 2804 601 2882 illediso
629 2799 827 2916 ταρτημόριά
835 2811 862 2906 *)
887 2837 952 2898 μοι,
980 2806 1072 2905 φησί,
1100 2804 1320 2917 προσενέγκῃς
1344 2806 1427 2916 τρία.

398 2934 493 3007 XIII
508 2962 546 3036 p.
565 2935 637 3006 583
653 2959 686 3005 a.
740 2929 922 3005 Machon:
952 2923 1157 3008 Καλλιστόος
1181 2926 1214 3005 δὲ
1238 2934 1295 3019 τῆς
1318 2925 1373 3009 ὑὸς
1393 2927 1601 3023 καλουμένης.
1651 2936 1730 3008 Etsi
1750 2932 1840 3008 haec

254 3062 407 3163 genitivi
427 3058 555 3143 forma,
579 3082 599 3129 a
622 3053 842 3130 Casaubono
865 3053 1012 3128 demum
1035 3081 1104 3157 pro
1126 3056 1336 3133 Καλλιστοῦς
1365 3056 1477 3146 illata,
1501 3055 1697 3132 Pindarico
1719 3049 1840 3149 Ἀχόος

260 3188 420 3260 excusari
451 3197 594 3283 potest,
630 3178 851 3253 Machonem
877 3195 1001 3255 tamen
1027 3183 1211 3283 scripsisse
1237 3197 1329 3282 puto
1356 3175 1571 3273 Καλλιστίου,
1608 3186 1682 3256 sive
1711 3177 1747 3254 id
1774 3206 1839 3283 pa-

259 3335 453 3412 ronymum
482 3323 536 3379 est
560 3307 720 3377 nominis
746 3295 941 3395 Καλλιστώ,
971 3308 1046 3379 sive
1068 3331 1111 3378 ea
1130 3303 1366 3406 intelligenda
1387 3304 1604 3394 Callistium,
1634 3330 1743 3408 quam
1764 3330 1839 3381 me·

260 3449 379 3507 morat
404 3429 616 3504 Athenaeus
644 3428 703 3502 XI
728 3453 767 3527 p.
790 3430 863 3497 486
879 3453 911 3497 a.
942 3441 980 3498 et
1004 3426 1100 3497 XIII
1116 3452 1155 3526 p.
1174 3432 1246 3499 585
1261 3430 1301 3499 b.

398 3552 493 3624 XIII
510 3579 549 3653 p.
567 3549 681 3623 59ts.
713 3541 858 3654 καὶγὰρ
884 3544 1035 3619 ἐνταῦθα
1062 3540 1247 3629 καταστάς,
1275 3542 1314 3621 οὔ
1336 3539 1373 3621 dv
1400 3541 1419 3645 ’ᾖ
1444 3545 1481 3623 τὸ
1508 3552 1633 3657 πρῶτον
1666 3556 1707 3626 εἰς
1732 3546 1838 3636 Ἀθή-

261 3707 315 3752 νας
346 3667 554 3782 ἀφορώμενος
582 3665 655 3746 rede
684 3666 738 3743 nat
769 3665 805 3743 τὸ
833 3661 995 3761 πολισμα,
1026 3662 1150 3761 ἕψεται
1183 3666 1275 3779 παρὰ
1299 3667 1356 3759 τὴν
1383 3668 1451 3746 ὁδον
1478 3670 1576 3760 αὐτὴν
1603 3668 1839 3769 ᾠκοδομημένον

259 3803 381 3893 μνῆμα.
431 3798 476 3870 In
502 3795 572 3887 his,
603 3820 696 3897 quae
722 3793 940 3871 Dicaearchi
966 3798 1077 3872 verba
1103 3812 1187 3871 sunt
1204 3795 1331 3870 locum
1349 3793 1600 3890 describentis,
1629 3799 1694 3871 ubi
1714 3824 1839 3902 sump-

260 3943 407 4001 tuosum
432 3920 671 4024 Pythionicac
699 3936 978 3995 monumentum
1004 3916 1193 3995 conditum
1220 3919 1301 4009 fuit,
1330 3919 1429 3995 unde
1456 3919 1642 4023 pendeant
1661 3923 1772 3997 verba
1798 3926 1841 3999 εἰς

256 4040 402 4134 Ἀθήνας
428 4072 506 4119 non
531 4043 758 4146 intelligitur.
814 4041 1057 4120 Scribendum
1084 4043 1230 4121 videtur
1248 4038 1286 4117 οὗ
1302 4033 1339 4116 dv
1363 4033 1438 4140 ᾗτό
1463 4047 1590 4152 πρῶτον
1616 4046 1674 4131 τῆς
1695 4043 1841 4132 Ἀθηνᾶς

301 4293 330 4370 ⁴¹)
356 4293 401 4353 lta
421 4292 569 4353 Portunus
589 4311 644 4371 pro
667 4284 873 4375 πεταρπημᾶρια.
915 4291 1019 4352 Pollux
1033 4291 1086 4368 IX,
1106 4291 1154 4352 65.
1176 4284 1383 4378 τεταρτημᾶριον
1408 4284 1456 4351 καὶ
1476 4289 1553 4351 κατὰ
1573 4288 1718 4364 ἇσοκοπκζυ
1739 4316 1840 4379 ταρτη-

260 4388 359 4478 μᾶριον.
400 4392 523 4455 Photius
544 4414 573 4472 p.
590 4390 662 4467 570,
683 4390 712 4450 7.
731 4384 928 4475 Ταρτημόριονε
952 4388 1095 4471 δι’χαὶοοον
1115 4425 1156 4437 -
1176 4383 1224 4449 καὶ
1246 4396 1451 4477 ταρτημοριαῖον
1472 4388 1533 4450 τινα
1553 4397 1700 4462 καλοῦσιν,
1722 4384 1775 4452 οἷον
1797 4390 1840 4452 δι-

260 4488 378 4574 χάλκου
401 4485 493 4575 ἄξιον.
535 4492 620 4572 Apud
643 4491 767 4551 Plinium
789 4492 855 4551 ΗΝ.
870 4493 938 4568 Vll,
959 4491 1009 4569 49,
1030 4494 1091 4554 160
1118 4494 1403 4554 tetartemorion
1430 4492 1539 4552 editum
1568 4504 1611 4552 est
1632 4515 1649 4554 e
1671 4494 1841 4555 coniectura

259 4594 378 4655 Budaei.
421 4593 503 4653 Libri
524 4593 764 4664 artemorion3
784 4593 879 4674 itaque
901 4592 1084 4654 scribendum
1105 4594 1361 4655 tartemorion.
1402 4592 1533 4652 Similem
1555 4613 1706 4675 apocopen
1727 4615 1841 4676 passum

260 4706 305 4756 est
325 4689 464 4768 rjus'dcuror
485 4714 540 4774 pro
561 4686 744 4766 ἦμομέδιμνος,
765 4693 802 4756 de
823 4716 882 4775 quo
903 4718 930 4757 v.
950 4694 1091 4775 Didymus
1112 4695 1187 4776 apud
1209 4695 1388 4756 Priscianum
1409 4693 1472 4776 Fig.
1495 4716 1571 4755 num.
1586 4694 1615 4754 3.
