4492 5686
1097 240 1142 311 18

1005 353 1239 381 mmm

329 490 435 585 λέγειν
461 487 560 575 οὕτως
582 492 643 584 ἧσε
668 489 721 568 τὸν
753 484 906 575 βασιλέα
933 484 1012 567 ὥστ’
1041 485 1149 602 ἒράνου
1176 522 1213 568 σε
1237 492 1423 594 ἀξιωθῆναι
1449 492 1503 567 καὶ
1530 485 1592 570 τάν
1621 491 1730 593 φίλων,
1751 492 1792 572 εἷς
1817 491 1907 585 γενέ-

331 622 429 697 σθαι.
481 623 578 697 Hinc
609 648 687 698 uon
717 625 849 696 iniuria
880 624 1072 724 suspiceris
1097 621 1406 722 Hegenianactem
1430 620 1720 696 Alexandrinum
1751 648 1828 698 non
1854 621 1909 697 di·

328 777 475 826 versum
502 752 610 826 fuisse
636 751 682 824 ab
710 775 755 825 eo
784 774 894 851 quem
921 752 1155 823 astronomici
1183 751 1304 850 operis
1332 764 1520 823 auctorem
1541 749 1651 824 luisse
1669 748 1780 825 docui
1797 749 1906 823 Anal.

328 876 436 954 Alex.
467 906 506 981 p.
521 883 607 952 243.

469 980 578 1106 IV'p.
596 1004 717 1078 1581).
759 993 951 1111 Χρύσιππος
977 994 1010 1072 δὲ
1034 1002 1065 1072 ἓν
1091 999 1136 1092 τῷ
1162 996 1314 1108 περὶτοῦ
1342 1002 1445 1074 καλοῦ
1470 993 1605 1093 γνιάμας
1630 1031 1719 1080 τινας
1743 1005 1815 1088 sinis
1842 1006 1909 1076 εἰς.

331 1125 433 1237 φέρων
462 1125 549 1228 φησί
568 1125 635 1221 »μὴ
662 1133 737 1203 ποτ’
763 1125 873 1202 ἐλαίαν
899 1124 994 1200 ἔσθι’
1022 1118 1197 1224 ἀκαλήφην
1223 1119 1323 1219 ἔχων.
1356 1129 1518 1219 χειμῶνος
1550 1120 1617 1236 ὥρα
1647 1119 1909 1227 βολβοφακῆν.”

328 1246 447 1337 βαβαὶ
470 1247 598 1337 βαβαί.
656 1247 896 1352 ,βολβοφακῆ
923 1248 954 1325 ἀ
983 1249 1042 1325 οἷον
1069 1243 1236 1360 ἀμβροσίη
1261 1247 1404 1347 ψύχους
1439 1247 1633 1361 κφυάενσος.”
1696 1256 1741 1327 In
1774 1257 1909 1330 horum

329 1409 498 1457 versuum
526 1399 715 1484 postremo
744 1378 845 1482 quod
874 1375 933 1452 οἷον
959 1378 1161 1482 pyrrhichii
1187 1407 1394 1454 mensuram
1421 1381 1545 1472 habet,
1581 1385 1640 1457 vix
1663 1398 1762 1455 recte
1780 1387 1819 1454 in
1846 1381 1909 1455 tali

329 1535 436 1584 versu
453 1509 605 1581 Homeri
632 1508 802 1609 exemplo
831 1510 1068 1581 excusaveris.
1115 1504 1360 1582 Scribendum
1377 1524 1440 1582 aut
1457 1503 1503 1579 οἷ’
1529 1497 1709 1609 ἀμβροσίη,
1727 1524 1788 1581 aut
1806 1505 1908 1609 quod

331 1661 446 1737 aeque
473 1636 558 1709 lene
586 1652 640 1709 est
664 1629 733 1707 ἴσον
760 1624 939 1741 ἀμβροσίῃ.
990 1631 1139 1707 Priores
1165 1658 1291 1709 versus
1315 1639 1364 1708 ita
1391 1632 1576 1710 scribendi
1599 1633 1788 1710 ridentur:

686 1752 739 1846 Ml
765 1756 823 1848 μοι’
843 1762 918 1833 ποτ’
946 1754 1055 1831 ἐλαίαν
1080 1751 1176 1834 ἔσθι’
1203 1753 1377 1859 ἀκαλήφην
1401 1751 1501 1852 ἔχων.

686 1888 844 1977 Χειμῶνος
870 1877 937 1992 ἀρα
961 1875 1173 1982 βολβοφακῆ
1197 1877 1316 1967 βαβαὶ
1339 1877 1467 1968 βαβαί.

332 2013 502 2108 Quorum
540 2040 710 2090 versuum
748 2017 926 2116 postremi
962 2012 1054 2087 haec
1092 2029 1147 2087 est
1180 2018 1371 2102 sententia,
1409 2030 1451 2087 ut
1483 2013 1721 2115 bolbophace
1752 2013 1909 2087 hiberno

330 2159 497 2243 tempore
524 2143 714 2244 superbire
741 2156 841 2214 etse
868 2144 1001 2214 iactare
1027 2143 1052 2213 i.
1071 2165 1104 2212 e.
1125 2137 1422 2214 delicatissimum
1449 2139 1612 2213 edulium
1644 2165 1720 2214 esse
1754 2139 1907 2214 dicatur.

331 2267 526 2344 Consimili
552 2264 665 2341 modo
691 2270 825 2369 passim
852 2267 925 2338 cibi
943 2266 1131 2367 magnifice
1150 2270 1315 2367 apparati
1337 2264 1508 2341 dicuntur
1531 2256 1778 2347 πλατύνεσθαι,
1800 2256 1909 2352 ἀγάλ-

330 2392 470 2474 λεσθαι,
497 2385 723 2480 σεμνύνεσθαι
750 2408 820 2465 etc.
873 2392 1027 2464 Minime
1053 2375 1209 2491 vulgaris
1235 2409 1370 2483 autem,
1406 2410 1443 2465 at
1471 2391 1614 2467 idoneis
1640 2410 1763 2467 tamen
1790 2418 1910 2466 exem·

330 2519 403 2622 plis
436 2519 697 2620 comprobatus
729 2521 768 2590 in
799 2513 953 2592 eandem
984 2520 1201 2590 sententiam
1232 2543 1329 2614 usus,
1351 2532 1405 2590 est
1425 2518 1689 2617 particularum
1705 2508 1823 2598 βαβαὶ
1838 2508 1908 2597 βα·

331 2635 408 2724 βαί.
463 2645 519 2715 Ex
545 2642 618 2716 hoc
645 2667 776 2743 genere
796 2658 850 2716 est
864 2640 1029 2716 Alexidis
1047 2642 1152 2717 locus
1171 2669 1191 2714 a
1210 2640 1411 2716 Grammat.
1433 2639 1550 2714 Beki.
1580 2669 1620 2743 p.
1635 2649 1696 2715 84.
1727 2661 1906 2718 serratus:

333 2765 424 2862 dej
457 2770 519 2842 τῶν
552 2764 686 2877 μετρίων
720 2762 811 2840 ἀλλά
842 2761 906 2841 σοῖν
937 2757 1056 2849 βαβαὶ
1087 2757 1215 2849 βαβαί.
1267 2766 1344 2841 Ubi
1378 2771 1407 2838 οἱ
1436 2755 1555 2846 βαβαὶ
1585 2756 1710 2847 βαβαί
1739 2768 1910 2843 dicuntur

331 2897 499 2972 homines
531 2897 703 2998 snperbia
728 2896 897 2998 fastuque
929 2896 1028 2970 elati.
1082 2895 1171 2969 Non
1202 2911 1301 2968 recte
1327 2893 1418 2967 haec
1445 2893 1604 2995 explicui
1631 2893 1740 2969 Com.
1771 2922 1823 2996 gr.
1853 2895 1910 2968 ΠΙ

330 3026 490 3126 pits·
525 3021 669 3097 Eodem
698 3028 860 3124 pertinet
884 3022 1123 3124 proverbium
1153 3011 1268 3101 Βαβιά
1297 3012 1455 3121 Μύξοςα
1486 3019 1646 3120 Diogen.
1675 3021 1745 3112 ΠΙ,
1763 3024 1824 3095 65.
1854 3020 1910 3095 his

330 3153 452 3227 verbis
479 3165 703 3223 enarratum:
733 3137 847 3227 Βαβιά
870 3138 998 3246 Μάξοςε
1025 3143 1077 3220 sni
1098 3148 1161 3221 τῶν
1181 3139 1495 3240 μεγαλαυχοάνσιυν.
1521 3140 1611 3224 οὗτος
1638 3141 1704 3255 γάρ
1731 3143 1826 3255 ἱερεὺς
1855 3149 1911 3233 τῆς

327 3268 509 3380 Ἀρτέμιδος
545 3263 585 3344 ἀν
619 3263 840 3364 μεγάλαυχος
869 3262 914 3358 ἦν.
967 3269 1041 3346 Sed
1081 3269 1127 3344 de
1160 3274 1274 3373 Myxo
1312 3278 1382 3346 isto
1422 3298 1544 3374 neque
1582 3299 1649 3375 ego
1688 3301 1810 3375 neque
1849 3274 1910 3347 alii

334 3402 469 3501 opinor
495 3397 697 3500 quidquam
723 3396 997 3490 inaudiverunt3
1025 3423 1095 3472 nec
1120 3394 1274 3471 dubium
1301 3397 1390 3471 mihi
1422 3401 1513 3500 quin
1537 3426 1608 3501 pro
1634 3424 1680 3474 eo
1706 3388 1909 3488 Μεγάβυζος

332 3522 626 3600 substituendum
658 3529 717 3617 sit,
752 3528 791 3600 in
825 3523 927 3628 quod
960 3551 1097 3601 nomen
1127 3527 1294 3628 apprime
1326 3528 1550 3599 conveniunt
1575 3551 1668 3625 quae
1696 3523 1742 3600 de
1767 3525 1910 3600 Dianae

330 3651 514 3754 Ephesiae
540 3650 759 3754 pontificatu
783 3649 904 3753 deque
930 3651 1023 3727 fastu
1048 3651 1208 3727 hominis
1226 3679 1246 3725 a
1263 3651 1495 3752 Diogeniano
1514 3652 1767 3727 subiiciuntur.
1813 3654 1910 3728 Hinc

330 3771 527 3887 Μιγαρύζιοι
558 3769 653 3866 λόγον
685 3777 874 3880 proverbii
905 3778 991 3854 loco
1026 3776 1243 3853 dicebantur
1275 3802 1461 3854 sermones
1495 3778 1591 3853 fastu
1623 3778 1739 3881 pleni.
1793 3780 1908 3881 Hesy-

333 3904 449 3996 chius,
478 3895 679 3997 Μεναβάζιοι
703 3897 814 3993 λέγοιτ
840 3897 1048 3996 μεγάλοι-
1070 3899 1126 3977 nal
1151 3908 1179 3974 oi
1204 3904 1261 3988 σῆς
1281 3895 1465 4008 Ἀρτέμιδος
1490 3908 1578 4011 ἱερεῖς
1605 3902 1659 3978 καὶ
1685 3909 1713 3976 οἱ
1732 3901 1910 4010 στρατηγοὶ

332 4030 390 4103 τοῦ
415 4031 547 4134 Περσῶν
572 4021 744 4107 βασιλέως
768 4021 975 4120 Μεγάβυζοι.
1023 4029 1083 4103 De
1109 4028 1183 4103 hoc
1208 4035 1358 4105 nomine
1384 4046 1472 4105 nota
1499 4046 1554 4104 est
1579 4028 1777 4133 disputatio
1795 4030 1908 4105 Hem·

331 4153 502 4231 sterhusii
528 4151 573 4226 ad
598 4154 752 4228 Luciani
779 4155 878 4230 Tim.
906 4183 945 4258 p.
963 4160 1045 4230 135.

394 4329 397 4333 .
472 4277 526 4355 IV
543 4307 581 4381 p.
600 4284 667 4354 159
684 4282 723 4354 b.
767 4272 851 4353 οὗτοι
876 4277 931 4353 καὶ
956 4286 985 4354 οἱ
1008 4282 1142 4355 τοιοῦτον
1167 4276 1307 4374 μονουχῖ
1330 4270 1476 4360 βοῶντος
1501 4277 1772 4368 ἀποθνήσκουσιν

728 4395 777 4478 Ὠ
799 4400 909 4512 χρυσέ
934 4400 1077 4507 δεξίωμα
1103 4399 1282 4481 κάλλιστον
1308 4398 1452 4515 βροτοῖς,

741 4534 783 4607 ὥς
809 4523 881 4603 οὔτε
905 4524 1006 4640 μήτηρ
1032 4526 1144 4618 ἡάονάς
1170 4525 1315 4607 σοσάσά’
1342 4525 1427 4624 ἔχει,

742 4659 776 4728 οὐ
801 4651 914 4733 παῖδες
938 4661 967 4730 ἕν
994 4650 1146 4748 δόμοισιν,
1176 4660 1210 4731 οὐ
1238 4655 1332 4756 φίλος
1357 4653 1476 4768 πατήρ,

741 4775 807 4858 οἵας
832 4775 875 4855 σύ
900 4781 961 4874 χοὶ
983 4779 1023 4860 σὲ
1048 4777 1194 4876 δυ’μασιν
1221 4781 1416 4876 κεκτημένοι.
1484 4810 1490 4817 ·
