4492 5686
986 195 1032 269 15

215 459 246 527 ἐν
278 454 317 550 τῇ
348 448 435 561 χειρὶ
466 452 573 525 αὐτοῦ.
625 449 801 527 Eiusdem
832 450 992 526 hominis
1023 477 1160 526 nomen
1191 451 1410 527 haberemus
1441 450 1539 554 apud
1565 452 1798 528 Athenaeum

214 581 254 653 X
270 584 394 683 pctlss
411 606 444 653 a.
474 582 504 652 si
529 604 597 682 per
622 577 792 652 librarios
813 578 983 654 licuisset
1019 577 1128 653 Nunc
1145 582 1276 654 vitiose
1296 577 1434 653 editur:
1458 571 1672 671 Ἀστυδάμας
1697 583 1712 653 ὅ
1737 592 1796 653 Μι-

215 698 327 794 λήσιος
352 702 418 814 τρίς
437 697 612 795 Ὀλύμπια
637 696 770 791 νικήσας
796 700 885 778 κατὰ
907 699 943 779 τέ
969 706 1045 807 ἑξῆς
1070 698 1286 814 παγκράτιον,
1319 701 1457 793 κληθείς
1481 735 1563 804 ποτε
1593 703 1644 779 ἐπὶ
1675 702 1796 780 birros

213 828 277 906 ὑπὸ
297 823 554 940 Ἀριοβαρζάνου
586 831 642 904 τοῦ
674 824 801 939 Πέρσου
832 828 887 905 καί
916 823 1112 930 ἀφικέμενος
1140 827 1311 926 ὑπέσχετο
1343 838 1461 932 φαγεῖν
1493 825 1604 906 πάντα
1625 827 1670 906 τὰ
1695 834 1797 906 πᾶσιν

214 954 544 1069 παρασκευασθέντα
577 953 632 1030 καί
660 950 844 1056 κατέφαγε.
894 960 973 1033 Iam
1009 985 1119 1034 nemo
1154 962 1310 1064 amplius
1341 959 1526 1035 dubitabit
1559 964 1649 1063 quin
1682 961 1797 1034 Ante-

213 1114 285 1163 nor
317 1110 467 1191 qnoque
498 1083 634 1159 athleta
665 1085 776 1159 fuerit
808 1090 974 1188 corporis
1000 1089 1139 1162 robore
1164 1092 1326 1190 insignis.
1379 1086 1436 1161 Ac
1462 1088 1615 1162 sortasse
1641 1091 1672 1162 is
1697 1086 1799 1161 idem

214 1231 269 1290 est
293 1212 340 1288 de
367 1237 442 1314 quo
468 1213 650 1286 Eusebius
677 1210 819 1288 Cbron.
851 1212 944 1288 Can.
973 1213 993 1285 Ι
1019 1211 1063 1286 ad
1092 1213 1243 1317 Olymp.
1266 1213 1428 1290 CXVIII
1454 1213 1514 1289 ed.
1534 1215 1624 1288 Maii
1649 1241 1689 1316 p.
1708 1218 1792 1287 152.

207 1332 364 1447 Ἀντήνωρ
386 1336 562 1425 Ἀθηναῖος
584 1327 603 1427 ἢ
627 1331 795 1426 Μιλήσιος,
821 1330 1037 1447 παγκριίτιον,
1068 1331 1214 1413 ἆκίντιον
1246 1334 1469 1448 περιοδονίκης,
1503 1356 1540 1414 et
1572 1364 1684 1442 quem
1711 1366 1795 1413 cum

212 1459 412 1542 Leontisco
444 1470 684 1568 pancratiaste
715 1482 979 1542 commemorat
1009 1466 1171 1541 Machon
1201 1466 1384 1542 Athenaei
1413 1466 1508 1540 XIII
1525 1467 1652 1569 puta
1668 1466 1695 1539 l.
1750 1465 1795 1538 In

213 1595 450 1695 sequentibus
476 1594 640 1669 versibus
666 1594 744 1690 (cll.
763 1597 843 1692 to.)

515 1713 740 1827 τρισπίθαμοι
763 1713 829 1826 γὰρ
855 1713 945 1808 τοίγε
971 1714 1026 1791 καί
1049 1710 1262 1812 ἐννεαπήχεες
1286 1708 1369 1806 ἦσαν

517 1837 614 1954 εῧρος,
639 1841 723 1954 ἀτὰρ
747 1837 851 1938 μῆκίς
876 1875 919 1935 γε
943 1838 1108 1934 γενέσθην
1133 1838 1329 1955 ἐννεόργυιοι,

210 2001 287 2050 non
313 1952 390 2049 erat
415 1971 518 2076 quod
543 1973 739 2049 Dobraeus
770 1971 926 2050 Advers.
956 1974 994 2046 H
1010 1977 1150 2075 psus.
1202 1973 1339 2051 Iisdem
1364 1973 1486 2050 verbis
1512 1999 1583 2075 pro
1609 1963 1795 2079 ἐννεόργυιοι

210 2105 342 2204 reponi
357 2101 472 2177 vellet
486 2092 666 2208 εἰνορέγνιοι
682 2105 807 2175 utitur.
838 2100 1022 2177 Homerus
1041 2098 1175 2203 Odyss.
1203 2107 1329 2175 λ312.
1358 2098 1405 2176 de
1432 2094 1509 2174 Oto
1536 2115 1574 2175 et
1598 2097 1792 2200 Ephialte:

515 2221 653 2335 ἐννέωροι
677 2220 744 2334 γὰρ
770 2222 860 2314 τοίγε
885 2224 940 2300 καί
965 2219 1177 2316 ἐννεαπήχεες
1201 2216 1283 2309 ἦσαν
1915 2223 1917 2225 ’

516 2343 614 2459 εὖρος,
639 2347 723 2456 ἀτὰρ
749 2343 851 2439 μῆκίς
876 2378 919 2438 γε
943 2343 1108 2437 γενέσθην
1132 2342 1326 2457 ἐννείργυιοι.

210 2479 333 2555 voss
349 2505 433 2580 sqq.
462 2468 585 2549 θύννου
612 2470 741 2571 κεφαλὴ
770 2478 937 2577 apposita
965 2500 1043 2550 esse
1069 2491 1254 2550 narratur:

771 2597 982 2692 κεχολωμένη
1010 2591 1124 2675 οὕνεκα
1148 2596 1295 2695 τευχέων

515 2719 699 2835 αἰρομένων,
725 2719 762 2800 τέ
788 2721 821 2800 δέ
846 2729 941 2818 πῆμα
966 2725 1041 2800 θεοί
1064 2723 1176 2801 θέσαν
1202 2721 1442 2837 ἀνθρώποισιν·

513 2849 576 2962 ῥίνη
601 2851 647 2924 θ’
671 2840 706 2940 ἣν
732 2846 882 2950 φιλέουσι
907 2854 1074 2962 περισσῶς
1098 2848 1244 2930 τέκτονες
1267 2847 1385 2961 ἄνδρες.

208 2986 262 3059 Ita
290 2987 387 3059 enim
413 2981 505 3056 baec
531 2996 668 3055 mutata
694 2978 929 3056 distinctione
955 2979 1146 3056 scribenda
1172 2996 1269 3054 sunt.
1325 2979 1445 3081 Vulgo
1479 2975 1665 3089 αἰρομένων·
1697 2975 1734 3053 τὸ
1761 2976 1793 3053 δὲ

209 3113 304 3202 πῆμα
333 3106 409 3183 θεοί
442 3100 553 3182 θέσαν
583 3098 820 3213 ἀνθρώποισιν,
851 3102 926 3215 ῥίνη,
957 3101 1012 3194 τὴν
1038 3109 1091 3205 (Β.
1116 3108 1197 3214 ῥινην
1223 3100 1296 3207 τὴν)
1327 3101 1488 3204 φιλέουσι.
1538 3108 1655 3210 Atqui
1687 3132 1792 3209 aper·

171 3300 178 3311 .
208 3258 287 3315 tum
300 3252 354 3312 est
365 3261 445 3309 non
456 3237 662 3337 squatinam
674 3231 747 3307 dici
759 3258 868 3335 posse
882 3235 977 3324 πῆμα
990 3226 1188 3342 ἀνθρώπων,
1205 3232 1269 3332 sed
1287 3233 1418 3339 thynni
1435 3252 1555 3338 caput,
1574 3232 1676 3336 quod
1695 3250 1792 3310 cete·

207 3371 256 3442 ris
281 3364 447 3468 partibus
473 3364 654 3464 privatum
679 3363 719 3435 in
743 3359 878 3437 vilibus
897 3363 1061 3436 obsoniis
1078 3362 1296 3436 habebatur.
1336 3361 1416 3437 Clr.
1435 3362 1560 3437 Alexis
1578 3360 1794 3438 AthenVII

207 3499 332 3596 p.303
348 3516 381 3564 a.
412 3481 502 3564 οὗτος
525 3478 678 3596 πρέτερον
712 3478 891 3584 κεφιίλαιον
916 3490 945 3558 εἰ
966 3478 1088 3560 θιίννου
1118 3478 1237 3570 λα’ίέοι,
1266 3480 1405 3579 ἐνέμιζεν
1435 3484 1595 3583 ἐγχέλεια
1628 3485 1683 3562 καί
1706 3480 1791 3560 θέν·

208 3647 277 3694 νους
288 3609 388 3708 ἔχειν.
418 3615 474 3689 Ita
488 3617 587 3689 enim
598 3612 689 3688 baec
702 3611 895 3688 scribenda
906 3629 1005 3705 sunt,
1026 3640 1120 3717 quae
1134 3618 1254 3690 minus
1266 3632 1367 3690 recte
1379 3619 1530 3692 tractavi
1544 3616 1650 3692 Com
1665 3614 1791 3718 gnssl·

207 3744 346 3850 p.455.
392 3739 456 3814 Vs.
469 3744 531 3814 68.
562 3741 596 3812 οὐ
619 3733 685 3848 γὰρ
712 3731 822 3829 έγωγε
839 3732 876 3827 ἧς
901 3734 1026 3848 σαρκός
1049 3733 1187 3832 ὣίναμαι
1209 3734 1451 3850 γλυκερώτερον
1476 3733 1560 3814 ἄλλο
1585 3736 1720 3814 ἰδέσθαι
1746 3765 1793 3815 ex

207 3871 361 3947 Homeri
375 3864 451 3943 Od.
467 3865 538 3958 IX,
560 3873 622 3940 28.
643 3864 829 3942 detortum
847 3884 914 3943 est.
944 3867 1008 3943 Vs.
1021 3871 1083 3943 68.
1104 3871 1134 3942 ἐν
1154 3861 1317 3961 στέμασιν
1330 3860 1459 3942 ἔθεσαν
1478 3859 1717 3957 natantem
1729 3860 1791 3939 ὄλ-
1842 3886 1848 3899 ·

207 3993 296 4075 λυδις
312 3989 422 4070 ἄλλον.
475 3991 719 4070 scribendum
744 3996 776 4067 ἕν
802 3986 965 4085 στέμασίν
990 3997 1023 4069 τ’
1037 3988 1164 4070 ἔθεσαν
1190 4011 1253 4071 aut
1277 3998 1308 4068 ἐν
1333 3986 1544 4086 στομιίτεσσ’
1571 3987 1699 4070 ἔθεσαν
1724 3994 1787 4069 cll.

79 4162 86 4172 ·
207 4124 335 4201 vs.37.
355 4126 386 4196 ἐν
410 4113 606 4204 tondbert
633 4122 648 4193 ὅ
674 4117 707 4194 θ’
733 4121 790 4196 ἐπ’
817 4115 913 4195 ἐννέα.
951 4122 1175 4226 Vs.llsqq·.

816 4242 854 4323 τέ
882 4242 977 4338 ἄγ’
1004 4240 1174 4357 ἀμβροσίη
1200 4278 1255 4342 μοι
1279 4239 1387 4352 ἔδοξεν

615 4368 677 4457 εἶν’,
702 4361 738 4461 ἣν
763 4370 904 4449 δαίονται
929 4368 1076 4485 μάκαρες
1100 4373 1176 4450 θεοί
1199 4371 1263 4451 αι’ἐν
1288 4368 1400 4454 ἐέντες.

206 4501 293 4577 Non
324 4499 436 4578 credo
467 4501 559 4577 haec
591 4505 642 4577 ita
673 4503 880 4578 Matronem
914 4506 1113 4607 scripsisse.
1169 4503 1266 4581 cod.
1287 4504 1382 4581 Ven.
1412 4497 1498 4587 εῖνω,
1529 4494 1576 4590 ἥν.
1626 4501 1721 4577 Mihi
1747 4495 1789 4575 ei-

207 4658 256 4702 ναι
282 4630 328 4700 ab
345 4628 464 4703 aliena
481 4655 593 4704 manu
609 4633 799 4707 accessisse
816 4630 974 4726 videtur,
1003 4648 1115 4736 poeta
1141 4650 1263 4709 autem
1288 4634 1473 4736 scripsisse
1499 4620 1536 4717 ἐν
1556 4622 1620 4740 ἄρα
1640 4624 1789 4706 δαίονται.

205 4755 270 4832 Vs.
284 4756 331 4830 tr
346 4778 430 4854 sqq.
