4492 5686
1093 228 1141 301 26

329 479 348 573 ἢ
379 479 508 578 κόγχον
539 477 705 593 ιλνρηματ’
726 477 925 591 Ἐρυθραίης
951 475 1016 556 ἀπό
1042 479 1168 591 πέτρης.
1220 483 1264 556 Iu
1297 507 1372 583 quo
1404 482 1556 584 pluralis
1587 475 1763 591 δωρήματα
1793 488 1908 559 notis·

327 618 420 689 simo
448 641 516 691 usu
541 616 683 716 positus
710 627 776 685 est.
834 609 1009 686 Ceterum
1035 635 1207 711 compara
1235 636 1317 683 cum
1342 608 1737 686 hisPseudo-Tihull.
1758 611 1907 704 111,17.

329 744 371 817 in
399 739 648 844 Erythraeo
674 739 842 840 legitur
870 763 978 839 quae
1005 737 1164 812 littore
1190 736 1372 811 concha.

470 867 541 941 VII
558 875 683 969 p.300
699 864 735 939 d.
778 865 879 943 Loca
907 879 1166 939 enumerantur
1191 862 1431 974 anguillarum
1459 862 1693 938 multitudine
1712 865 1825 938 clara:
1857 861 1911 936 rai

331 991 401 1103 aspi
424 989 478 1067 riv
504 985 612 1066 Εὐλέα
638 987 670 1065 di
694 984 853 1082 ποταμόν,
885 985 924 1063 οὗ
945 982 1129 1081 μνημονεύει
1153 985 1356 1082 Ἀντίμαχος
1377 993 1408 1061 ἕν
1435 995 1505 1066 ταῖς
1530 984 1804 1098 ἐπιγραφομέναις
1823 984 1910 1063 Δέλ·

330 1150 395 1199 τοις
422 1112 521 1196 ούτυς
541 1113 677 1192 Ἐλθὼν
704 1112 839 1195 Εὐλεόας
864 1111 975 1205 πηγὰς
1000 1113 1052 1188 ἐπὶ
1075 1111 1236 1203 δινήεντος.
1288 1123 1469 1219 Apertum
1503 1134 1557 1190 est
1587 1143 1656 1219 pro
1681 1113 1791 1192 Εὐλέα
1824 1121 1910 1193 scri·

329 1245 492 1323 bendum
520 1273 597 1321 esse
623 1240 761 1338 Εὐλέαι,
791 1248 892 1319 etin
916 1243 1127 1318 Antimachi
1152 1270 1260 1319 versu
1285 1239 1404 1319 Εὐλιιά
1429 1248 1454 1316 i.
1473 1270 1506 1317 e,
1535 1240 1677 1317 Εὐλείου.

471 1373 544 1446 VII
560 1380 680 1474 p.301
700 1371 727 1444 f.
762 1371 807 1443 In
832 1370 1055 1444 Archestrati
1081 1372 1244 1445 versibus
1271 1362 1388 1442 θύννον
1413 1363 1625 1460 ἁλιτκόμενον
1647 1365 1773 1468 σπουδῇ
1794 1367 1910 1459 μέγαν,

330 1488 362 1570 ὄν
390 1492 561 1571 καλέουσιν
588 1491 691 1606 ὄρκυν,
716 1490 812 1570 ὄλλοι
837 1491 870 1570 d’
891 1487 933 1570 ad
953 1498 1049 1583 uiroc
1081 1514 1150 1571 etc.
1182 1523 1257 1598 quo
1284 1513 1393 1600 pacto
1420 1486 1513 1604 ὄρκυν
1540 1497 1704 1572 ultimam
1731 1495 1912 1600 producat

322 1650 408 1701 non
433 1625 667 1726 intelligitur3
696 1651 764 1698 nec
790 1648 878 1698 vero
905 1615 1045 1731 ὄρκυνον,
1077 1622 1178 1726 quod
1205 1625 1308 1726 Epit.
1337 1623 1463 1715 habet,
1492 1625 1644 1727 probari
1661 1641 1798 1727 potest.
1840 1625 1909 1698 Ar·

330 1752 531 1828 chestratus
556 1743 661 1859 ὄρκυν’
689 1755 893 1854 scripserat,
924 1777 944 1825 a
970 1766 1072 1826 recto
1098 1777 1185 1826 casu
1210 1742 1314 1858 ὄρκυν,
1338 1742 1481 1859 ὄρκυνος,
1514 1766 1556 1824 ut
1581 1743 1717 1859 Φόρκυν,
1743 1742 1911 1859 Φόρκυνος.

330 1879 410 1953 Nec
442 1876 544 1953 deest
570 1878 779 1981 exemplum
806 1881 882 1951 eius
908 1877 1060 1961 formae.
1105 1876 1381 1952 Anaxandrides
1405 1876 1577 1953 Protesil.
1611 1878 1754 1979 Fragm.
1784 1878 1816 1969 I,
1840 1883 1906 1952 61:

332 1996 412 2096 μύες
437 1997 567 2114 ὄστρεια
594 1999 701 2082 κτένες
728 1996 861 2113 ὄρκυνες.
913 2004 959 2078 In
986 2001 1148 2079 ciusdem
1173 2020 1306 2107 poetae
1333 2004 1537 2106 fragmento
1563 2008 1688 2107 paon
1708 2031 1728 2079 a
1748 2021 1784 2079 et
1801 2005 1839 2078 b.

1077 2125 1216 2238 κιθαρόν
1242 2125 1274 2203 di
1300 2122 1421 2204 κελεύω

636 2248 674 2330 ἂν
699 2252 754 2348 μὲν
781 2250 897 2335 λευκός
922 2248 956 2352 έη
992 2290 1044 2325 ιν
1080 2248 1211 2366 πτερεός
1236 2287 1273 2333 τε
1298 2250 1442 2355 πεφύκῃ,

636 2374 731 2472 ἕψειν
757 2387 798 2461 εἰς
824 2374 928 2472 ἅλμην
955 2377 1113 2489 καθαρὰν
1140 2374 1229 2461 βαιὰ
1256 2378 1373 2482 φυλλιό
1399 2378 1562 2466 καθέντα,

331 2513 484 2586 sortasse
511 2525 597 2611 post
620 2499 654 2604 έη
683 2507 817 2583 excidit
840 2502 941 2599 ἰδέειν,
971 2524 1012 2582 ut
1037 2513 1139 2582 vsi.
1169 2498 1207 2580 dv
1228 2504 1260 2580 δ’
1281 2500 1299 2603 ᾖ
1320 2505 1438 2615 πυρρὸς
1458 2505 1544 2600 ἰδεῖν,
1573 2511 1633 2586 vel
1658 2504 1782 2618 χροιήν.
1820 2511 1912 2586 Ter·

332 2643 385 2713 tio
420 2663 526 2712 versu
558 2624 660 2725 βαιά,
699 2631 800 2735 quod
835 2659 879 2708 ex
903 2634 950 2709 L.
985 2649 1187 2734 receptum,
1224 2660 1313 2707 num
1344 2650 1442 2708 recte
1473 2634 1674 2737 pyrrhichii
1707 2664 1912 2711 mensuram

332 2765 465 2838 habeat
489 2762 726 2838 vehementer
752 2758 896 2835 dubito.
951 2759 1072 2862 Vulgo
1100 2754 1155 2832 rai
1180 2752 1327 2857 ἄφυλλα.
1370 2760 1534 2835 Venetus
1561 2759 1650 2863 quid
1677 2761 1810 2836 habeat
1836 2789 1913 2838 non

332 2890 532 2966 indicatum
550 2906 616 2964 est.
652 2885 896 2963 Scribcndum
912 2885 1059 2963 videtur
1075 2890 1118 2964 εἰς
1142 2882 1247 2978 ὄλμην
1275 2880 1433 2995 καθαρὰν
1460 2883 1515 2960 καὶ
1539 2880 1657 2985 φύλλα
1676 2883 1837 2963 καθέντα.
1867 2891 1912 2963 In

333 3023 448 3099 muria
477 3033 513 3091 ct
538 3016 636 3093 soliis
663 3015 842 3091 citharum
869 3018 981 3116 coqui
1012 3015 1127 3089 iubet.
1184 3013 1264 3090 cfr.
1294 3013 1450 3091 Sotades
1476 3019 1515 3090 in
1540 3015 1684 3117 Fragm.
1716 3015 1826 3092 Com.
1856 3043 1909 3117 gr.

332 3144 657 3245 Vol.111.p.sss.
688 3139 734 3214 de
759 3141 922 3216 labrare:
953 3135 1047 3216 ἔσται
1074 3135 1114 3214 δι’
1142 3131 1248 3233 ὄλμης
1273 3135 1408 3248 λιπαρές
1435 3138 1553 3239 ἐφθεός
1578 3147 1608 3216 ἐν
1634 3135 1734 3240 χλόη.

474 3268 545 3345 VH
561 3268 740 3370 parab.
776 3267 822 3343 In
846 3267 1057 3368 Epicharmi
1088 3268 1292 3368 fragmento
1329 3259 1412 3358 ὅκχ’
1446 3270 1499 3375 ὁρῇ
1529 3259 1652 3347 βῶκες
1681 3264 1826 3344 πολλούς
1860 3267 1913 3342 καὶ

335 3391 504 3502 σμαρίδας,
530 3409 616 3495 post
632 3383 753 3473 βῶκες
769 3397 888 3468 insere
905 3386 951 3466 τέ.
1003 3391 1176 3469 Eiusdem
1194 3409 1327 3496 poetae
1344 3393 1448 3467 locus
1474 3401 1592 3497 pars
1621 3420 1650 3468 c.
1677 3398 1808 3471 vitiose
1834 3393 1911 3468 edi-

333 3539 405 3597 tur:
435 3523 489 3614 χά
514 3512 657 3607 buddae
682 3509 844 3602 βολβίτις
868 3516 986 3628 «γραῖαί
1013 3511 1269 3628 τ’έριόακύᾶες.
1313 3510 1471 3602 stadim
1504 3523 1601 3596 enim
1627 3547 1649 3594 a
1673 3511 1810 3601 βολβὸς
1835 3522 1911 3595 sor·

333 3666 471 3725 matum
505 3664 599 3723 esset
631 3646 940 3749 scribendumque
976 3648 1072 3723 foret
1103 3638 1279 3736 βολίόῒτιι,
1322 3676 1342 3723 a
1376 3638 1544 3728 βόλβιτον
1580 3665 1702 3723 autem
1735 3649 1913 3725 formatur

334 3795 394 3852 aut
419 3765 613 3870 βολίόιτένη,
651 3790 712 3850 aut
734 3763 957 3866 βολβιταινα,
987 3792 1049 3849 aut
1066 3775 1269 3877 penultima
1286 3778 1390 3851 brevi
1413 3765 1589 3869 βολῦιτές,
1619 3776 1732 3879 idque
1758 3781 1796 3851 in
1822 3779 1912 3878 Epi·

335 3904 471 3977 charmi
496 3903 583 3977 loco
610 3899 880 4007 reponendum.
1054 3892 1058 3901 ¹

475 4027 527 4102 VI
544 4055 582 4128 p.
595 4037 668 4103 322
684 4059 716 4107 e.
747 4021 913 4105 οινόὄοντα
938 4021 972 4102 di
996 4021 1093 4102 αὐτόν
1123 4023 1214 4115 λέγει
1240 4021 1292 4100 bd
1312 4029 1370 4100 τοῦ
1395 4023 1568 4137 ῑΔοιρόνιν,
1590 4020 1637 4103 έτι
1657 4022 1910 4137 δέ’λρχέπτρα-

334 4185 388 4230 τος
413 4157 443 4225 ἓν
468 4144 592 4229 τούτοις

640 4249 750 4362 Αὐτὰρ
775 4250 828 4328 τὸν
855 4247 1020 4329 atributa
1045 4249 1113 4345 μέν,
1138 4242 1171 4327 ’ὄν
1199 4247 1286 4346 ζήτει
1310 4248 1427 4348 παχύν
1454 4251 1543 4330 attat·

639 4385 677 4454 έκ
703 4379 859 4490 πορθμοῦ
886 4376 919 4453 δὲ
943 4372 1062 4461 λαβεῖν
1089 4382 1186 4490 πειρῶ
1213 4379 1268 4455 nai
1292 4383 1405 4456 τοῦτον
1431 4385 1545 4491 ἑταῖρε.

332 4534 421 4609 Non
452 4532 627 4607 credibile
661 4550 715 4608 est
740 4533 1015 4609 Archestratum
1044 4550 1118 4609 tam
1151 4534 1336 4610 elumbem
1368 4535 1496 4609 fecisse
1521 4560 1666 4611 versum
1694 4534 1810 4637 qualis
1837 4541 1913 4638 pri-

334 4688 414 4735 mus
442 4676 507 4734 est.
558 4659 711 4734 Accedit
738 4659 838 4762 quod
865 4655 921 4750 μέν
947 4678 1033 4764 post
1059 4656 1161 4768 αὐτὰρ
1187 4661 1313 4736 inferri
1338 4689 1416 4737 non
1442 4677 1565 4765 potest
1574 4689 1584 4753 ;
1614 4687 1734 4763 neque
1761 4680 1913 4766 apparet

332 4787 431 4865 unde
456 4784 616 4890 pendeat
642 4792 863 4865 accusativus
889 4779 1064 4864 σινόδοντα
1115 4789 1246 4892 Itaque
1273 4787 1507 4867 scribendum
1532 4791 1718 4892 suspicor:
