4492 5686
1095 246 1143 317 38

1003 361 1237 386 mmmm

332 501 375 592 μὴ
408 497 512 598 θίγῃς
542 503 631 588 η’νιῶν
665 496 793 608 ἄπειρος
825 490 865 573 (δν
898 496 976 590 μηδὲ
1007 490 1134 597 ἀναθῇς
1166 495 1219 573 τδν
1246 496 1355 608 δίφρον
1382 493 1522 573 ἐλαύνειν
1548 495 1591 591 μή
1617 494 1750 590 μαθών.
1804 500 1910 594 Quae

333 632 379 704 ab
406 629 484 703 aliis
511 629 617 703 aliter
642 644 778 702 tentata
805 625 895 700 mihi
921 631 969 700 ita
996 629 1106 700 scribi
1132 653 1242 730 posse
1267 626 1457 703 videntur:

686 747 730 845 μί
756 783 810 844 μοι
834 749 937 849 θίγῃς
963 755 1026 826 τῶν
1053 756 1142 839 ἡνιῶν
1169 744 1297 861 ἄπειρος
1324 744 1376 836 ύν,

688 876 764 970 μηδ’
791 871 962 976 ἕπαναβῇς
987 874 1039 952 τδν
1065 876 1175 987 δίφρον
1203 883 1237 952 οὐ
1262 875 1386 970 μαθὼν
1412 882 1498 952 ἐλᾶν.

331 1011 462 1083 Forma
489 1010 566 1082 ἐλᾶν
592 1006 787 1109 Euripides
812 1034 898 1081 usus
926 1011 1044 1082 estin
1070 1004 1232 1081 eiusdem
1267 1005 1412 1080 fabulae
1437 1007 1580 1107 Fragm.
1597 1007 1646 1081 Χ.
1678 1034 1722 1082 ex
1737 1008 1909 1110 Longino

331 1135 517 1210 Subl.15.
549 1133 651 1237 quod
677 1138 766 1209 item
793 1160 836 1207 ex
864 1133 962 1209 Solis
990 1137 1156 1207 oratione
1183 1132 1385 1208 derivatum
1413 1150 1487 1207 est:

689 1256 797 1366 πατὴρ
824 1255 855 1330 δ’
883 1251 1010 1332 ίπισὸε
1038 1261 1123 1331 νῶτα
1150 1255 1289 1368 σειραίου
1315 1249 1437 1338 βεβὼς

685 1382 812 1466 ἵππευε,
839 1380 941 1456 παῖδα
969 1383 1149 1457 νουθετῶν·
1175 1389 1275 1458 ἐκεῖσ’
1301 1378 1371 1467 ἔλα,

688 1512 726 1609 τῇ
753 1513 795 1619 ῥα
821 1504 941 1618 στρέφ’
967 1502 1058 1619 ἅρμα
1083 1506 1167 1607 τῇδε.

330 1643 375 1714 In
401 1642 456 1714 his
484 1641 574 1742 quin
599 1639 638 1735 τῇ
662 1640 704 1746 ῥα
729 1655 944 1740 corruptum
970 1642 1017 1711 ait
1042 1663 1118 1711 nou
1146 1636 1347 1711 dubitatur.
1390 1636 1495 1711 Unus
1522 1636 1607 1711 cod.
1638 1665 1751 1740 quum
1778 1639 1912 1714 habeat

331 1769 368 1864 τῇ
403 1769 433 1874 ῥ’
461 1757 603 1874 ἔστρεφί
638 1765 790 1838 fortasse
826 1761 1083 1864 corrigendum
1115 1760 1190 1860 τῇδ
1225 1756 1344 1870 στρέφ’
1378 1754 1479 1872 ἅρμα,
1512 1759 1587 1859 τῇδε
1620 1764 1682 1838 cll.
1721 1764 1911 1868 Sophocle

332 1893 429 1968 Oed.
469 1893 555 1969 Cot.
576 1895 686 1964 1544.
724 1886 799 1987 τῇδ’
836 1884 895 1963 οἶδ
919 1879 1021 1972 βᾶτε,
1053 1884 1136 1986 τῇδε.
1188 1890 1362 1964 Eiusdem
1400 1891 1546 1965 fabulae
1573 1891 1815 1993 fragmentum
1845 1891 1910 1965 de·

331 2026 467 2095 cimum
492 2022 689 2121 septimum
715 2043 759 2091 ex
786 2015 949 2091 Stobaeo
974 2016 1076 2090 Flor.
1096 2021 1157 2107 93,
1177 2025 1212 2089 2.
1242 2020 1292 2089 ita
1318 2017 1615 2091 constituendum
1641 2016 1806 2093 videtur:

688 2135 796 2215 Δεινύν
822 2171 878 2231 γε·
904 2149 970 2218 τοῖς
996 2144 1176 2216 πλουτοῦσι
1201 2142 1295 2215 τοῦτο
1322 2137 1353 2213 δ’
1380 2135 1524 2239 ἔμφυτον

688 2272 850 2343 σκαιοῖσιν
875 2263 966 2341 εἶναι·
992 2264 1029 2342 τί
1049 2298 1130 2342 ποτε
1156 2261 1270 2342 τούτου
1288 2262 1360 2343 ’στ’
1388 2264 1503 2354 oium

688 2387 742 2501 ἆρ’
771 2385 878 2477 iader,
899 2398 1007 2471 αὐτοῖς
1031 2385 1079 2468 ’ὅτι
1104 2389 1229 2491 τυφλδς
1254 2401 1427 2501 συνηρετεῖ,

687 2515 820 2617 τυφλὰς
842 2511 963 2611 ἔχουσι
988 2515 1048 2595 τὰς
1074 2514 1191 2625 φρένας
1218 2517 1272 2590 καὶ
1295 2522 1353 2603 τῆς
1379 2513 1504 2611 τύχης;

331 2649 450 2723 Versu
478 2663 609 2748 quarto
635 2671 705 2749 pro
732 2638 839 2737 τύχης
864 2646 987 2718 forsan
1013 2639 1133 2736 τέχνης
1158 2642 1404 2734 scribendum,
1439 2662 1480 2718 ut
1513 2646 1681 2747 opulenti
1710 2652 1746 2720 iu
1775 2651 1911 2723 artibus

330 2774 423 2849 nihil
456 2772 580 2849 videre
614 2771 792 2847 dicantur.
848 2771 1041 2847 Genitivus
1074 2768 1213 2872 pendet
1247 2761 1428 2868 ατυφλίς.
1481 2771 1536 2844 Ita
1562 2770 1766 2846 Menander
1798 2769 1912 2870 κυφδς

332 2930 415 2976 cum
450 2897 611 2974 secundo
647 2925 731 2972 casu
769 2901 959 2972 coniunxit
991 2897 1131 2999 Aneps.
1147 2897 1178 2988 Ι,
1199 2905 1233 2970 2.
1290 2895 1462 2971 Secundo
1497 2922 1603 2973 versu
1635 2900 1746 3000 vulgo
1780 2899 1912 3001 legitur

330 3024 367 3101 τί
388 3056 467 3102 ποτε
493 3019 608 3100 τούτου
634 3020 764 3098 ταῖτιον.
808 3024 925 3099 Versu
951 3030 1060 3098 tertio
1087 3049 1156 3127 pro
1184 3028 1360 3130 συνηρεφεῖ
1380 3027 1530 3126 reposui
1556 3030 1722 3133 συνηρετεῖ
1743 3026 1805 3099 cll.
1835 3027 1910 3100 Lo·

330 3154 463 3230 beckio
482 3153 527 3227 ad
547 3151 663 3254 Soph.
681 3152 781 3225 Aiac.
804 3156 909 3222 1329.
947 3149 1007 3224 Ad
1026 3154 1242 3227 sententiam
1260 3151 1327 3224 cfr.
1349 3150 1564 3225 Aristoteles
1580 3150 1709 3226 Probl.
1727 3152 1868 3241 XXIX,
1879 3163 1910 3226 8.

331 3275 384 3352 διδ
415 3276 451 3352 τί
477 3282 491 3350 ὁ
526 3279 667 3353 πλοῦτος
697 3272 749 3348 ἐπὶ
778 3270 815 3349 τδ
842 3271 926 3348 πολύ
954 3271 1046 3384 παρὰ
1070 3280 1136 3351 τοῖς
1161 3268 1299 3372 φαύλοις
1323 3278 1451 3365 μᾶλλον
1476 3267 1495 3360 ἢ
1519 3282 1585 3352 τοῖς
1609 3272 1779 3350 ἐπιεικέσιν
1805 3277 1911 3364 ἕστίν;

331 3396 352 3490 ἢ
383 3397 461 3477 δὸτι
495 3397 621 3501 τυφλδς
654 3392 693 3475 aiv
726 3395 781 3488 τὴν
815 3394 950 3475 διύνοιαν
982 3406 1016 3476 οὐ
1050 3393 1182 3476 δύναται
1213 3396 1322 3509 κρίνειν
1350 3395 1419 3473 οὐδὲ
1447 3399 1617 3508 αἱρεῖσθαι
1649 3396 1687 3475 τδ
1719 3392 1911 3482 βέλτιστον.

331 3530 496 3607 Eandem
524 3534 701 3636 expressit
726 3546 837 3632 poeta
859 3534 898 3604 in
915 3529 1074 3632 Polyido
1093 3529 1250 3630 (Fragm.
1267 3527 1320 3629 X)
1338 3527 1435 3630 apud
1455 3527 1657 3602 Stobaeum
1673 3529 1775 3604 Flor.
1795 3536 1856 3623 95,
1873 3535 1908 3607 7:

689 3661 859 3733 Πλουτεῖς·
884 3651 927 3729 τὰ
952 3652 984 3728 δ’
1012 3649 1102 3728 ἄλλα
1128 3651 1171 3745 μὴ
1198 3647 1283 3728 δύκει
1309 3649 1462 3756 ξυνιέναι·

689 3787 719 3855 ἕν
746 3778 796 3875 τῷ
816 3776 882 3891 γὰρ
908 3772 1002 3875 &adp
1029 3773 1195 3877 φαυλότης
1220 3775 1330 3854 ἔνεστί
1348 3811 1406 3863 τις,

689 3906 782 3984 πενία
807 3904 839 3982 δὲ
864 3906 982 4008 σοφίαν
1008 3900 1116 3999 ἔλαχε
1142 3902 1194 3980 διδ
1220 3900 1258 3981 τδ
1283 3901 1458 4000 δυστυχές.

332 4038 388 4110 lta
422 4040 519 4108 enim
552 4042 690 4137 primus
723 4037 857 4110 horum
884 4061 1054 4111 versuum
1080 4033 1294 4108 scribendus
1322 4052 1395 4127 est;
1429 4034 1539 4136 vulgo
1565 4035 1714 4110 soloece
1740 4031 1783 4125 μὴ
1810 4032 1912 4116 δοκεῖς

333 4155 478 4264 ξυνιέναι.
530 4160 702 4261 Denique
729 4160 774 4234 ad
792 4161 1063 4237 Phaethontem
1089 4161 1279 4235 referenda
1305 4165 1472 4264 suspicor
1495 4188 1590 4264 quae
1615 4162 1787 4264 leguntur
1812 4165 1910 4268 apud

332 4288 570 4364 Plutarchum
597 4285 806 4387 Tranquill.
836 4315 895 4362 au.
924 4317 964 4391 p.
977 4291 1048 4375 463
1064 4315 1097 4361 a.
1127 4281 1164 4360 τδ
1192 4290 1248 4362 τοῦ
1276 4277 1433 4396 τραγικοῦ
1459 4282 1607 4397 Μέροπος
1632 4283 1815 4370 πέπονθας,
1842 4287 1909 4362 οὐδ’

334 4417 376 4488 ὡς
409 4419 523 4487 ἐκεῖνον
556 4407 777 4504 εὐδαιμονίζων
810 4415 825 4485 ὃ
858 4405 963 4507 ύχλος
992 4408 1154 4517 ἐξέπληξε
1185 4416 1248 4489 τῶν
1284 4417 1445 4514 φυσικῶν
1463 4414 1597 4488 παθῶν.
1647 4416 1756 4489 Latet
1789 4420 1828 4489 in
1854 4416 1912 4493 his

333 4543 458 4641 tragici
491 4557 624 4642 poetae
656 4544 838 4627 trimeter:
876 4537 1099 4633 εὐδαιμονίζων
1134 4534 1238 4634 iffae
1270 4536 1432 4642 ἐξέπληξὲ
1462 4572 1512 4632 με.
1566 4541 1670 4637 Quae
1702 4569 1721 4616 a
1754 4543 1911 4648 Merope

332 4665 535 4770 Euripiden
569 4665 663 4740 dieta
695 4667 804 4741 suisse
835 4674 1001 4772 suspicor
1031 4688 1117 4774 post
1149 4668 1418 4772 gratulationes.
1441 4670 1649 4772 faustusque
1682 4670 1910 4746 acclamatio·

333 4823 397 4872 nes
425 4794 531 4873 chori
555 4793 698 4896 Fragm.
715 4793 785 4886 ΙΠ,
807 4803 949 4870 30-33.
