4492 5686
915 221 1151 367 ..sem

244 483 338 556 σοῦν
361 473 587 590 τρίτατον.
641 480 737 557 Cum
768 479 825 554 his
859 484 889 554 si
920 485 999 584 ipsa
1031 481 1240 557 Aristotelis
1274 485 1398 574 verba,
1437 481 1481 556 ad
1518 509 1610 585 quae
1638 490 1826 563 annotavit

242 610 309 680 ista
331 605 566 696 scholiastes,
590 608 809 707 coniungas:
838 597 1001 681 πολλάκις
1027 602 1185 713 κρατίστη
1211 606 1275 679 τῶν
1302 607 1422 712 ἀρετῶν
1450 602 1526 679 siim
1552 603 1676 695 δοκεῒὴ
1704 604 1824 683 δικαιο-

237 721 331 813 σύνη,
360 722 515 801 κα1οὕθ’
537 719 672 836 ἕσπερος
694 722 772 801 οὔθ’
794 728 870 821 ἑῷος
889 717 971 801 οὕτω
991 721 1205 820 θαυμαστάς,
1234 756 1392 831 quorum
1418 748 1604 833 postrema
1631 735 1823 809 manifesto

239 851 426 954 Euripidis
452 869 549 945 sunt,
578 850 676 926 haud
701 851 970 926 contemnenda
998 857 1147 955 emergit
1167 851 1307 928 chorici
1327 858 1495 929 carminis
1513 856 1690 959 particula
1709 857 1820 932 haec:

703 966 907 1052 δκαιοσιίνας
934 970 970 1050 τδ
995 971 1140 1085 χρύσεον
1168 970 1358 1085 πρόσωπον·

703 1093 782 1172 οὔδ’
810 1090 946 1208 ἕσπερος
972 1093 1051 1173 οὔθ’
1079 1095 1154 1196 ἑῷος
1178 1090 1260 1174 οὕτω

702 1217 905 1313 θαυμαστάς
928 1270 964 1283 -

237 1349 333 1422 Nam
353 1341 515 1435 τηλαυγές
532 1347 770 1423 vehementer
794 1375 926 1424 vereor
949 1375 996 1423 ne
1022 1349 1114 1423 alter
1138 1349 1350 1423 scholiastes
1373 1374 1417 1421 ex
1437 1354 1617 1423 notissimi
1638 1351 1713 1425 loci
1734 1352 1820 1427 Pin·

238 1470 351 1546 darici
378 1469 547 1575 (Olymp.
564 1472 635 1564 VI,
661 1476 716 1573 1.)
745 1476 921 1547 memoria
951 1471 1166 1574 imprudens
1192 1469 1402 1573 Euripideis
1433 1476 1682 1548 immiscuerit.
1737 1476 1822 1549 Jam

237 1621 326 1671 vero
353 1621 398 1668 ex
417 1594 550 1670 eodem
574 1595 755 1670 Athenaei
780 1595 868 1670 loco
894 1600 1000 1668 etiam
1024 1593 1123 1669 aliud
1145 1593 1368 1697 Euripideae
1395 1621 1552 1697 poeseos
1579 1597 1821 1700 fragmentum

236 1720 440 1812 lucramur3
475 1723 594 1822 pergit
625 1724 722 1794 enim
755 1723 913 1823 scriptor
943 1723 981 1792 in
1014 1718 1114 1792 hunc
1145 1717 1316 1791 modum:
1359 1715 1415 1790 καί
1446 1712 1545 1792 πάλιν
1578 1716 1642 1806 ,,τδ
1674 1715 1818 1830 χρύσεον

236 1836 327 1934 ίμμα
352 1838 389 1917 τδ
416 1843 476 1920 τῶς
501 1837 639 1926 Δίκας”,
667 1870 760 1946 quae
787 1848 857 1917 iam
886 1860 1054 1945 apertum
1080 1859 1238 1917 estnon
1264 1840 1485 1944 aliipoetae
1514 1847 1683 1945 assignari
1710 1873 1819 1947 posse

237 1996 347 2069 quam
373 1973 475 2041 cuius
502 1972 690 2069 superiora
718 1994 794 2042 esse
822 1966 1028 2041 docuimus.

373 2091 448 2164 XII
464 2119 504 2193 p.
522 2094 595 2165 547
612 2091 648 2164 (1.
702 2094 908 2193 Antigonus
935 2091 1142 2193 Carystius:
1170 2091 1188 2175 ἡ
1214 2083 1312 2173 λοιπὴ
1339 2085 1532 2196 παρασκευὴ
1559 2087 1615 2163 καί
1636 2093 1654 2176 ἡ
1675 2093 1737 2187 τῶν
1756 2089 1816 2166 δεί-

235 2241 321 2286 πνων
353 2211 519 2321 περιεργία
555 2210 610 2287 καί
639 2215 655 2284 ὁ
681 2215 745 2285 τῶν
771 2214 939 2322 τραπεζῶν
966 2211 1021 2286 καί
1054 2209 1216 2320 μαγείρων
1249 2205 1353 2304 ὄχλος
1383 2214 1538 2288 τοσοῦτος
1564 2204 1600 2298 ἧν
1629 2205 1716 2289 ῶστε
1741 2229 1817 2291 κτλ

233 2338 279 2410 ln
303 2338 360 2410 his
386 2340 476 2409 mire
504 2335 640 2409 dictum
668 2338 684 2406 ὃ
710 2337 773 2407 τῶν
799 2337 968 2444 τραπεζῶν
992 2330 1105 2428 άχλος,
1132 2361 1301 2439 proquo
1322 2329 1562 2443 τραπεζοποιῶν
1582 2338 1817 2415 scribendum

233 2459 389 2550 videtur,
421 2485 581 2561 quorum
607 2485 718 2561 quam
744 2476 827 2560 apta
854 2464 900 2534 sit
926 2461 999 2534 hoc
1025 2462 1111 2535 loco
1131 2464 1307 2534 memoria
1326 2460 1543 2561 intelligitur
1562 2486 1582 2534 e
1600 2461 1817 2553 PollucVL

239 2593 297 2656 13.
321 2586 336 2656 ὃ
357 2578 390 2655 δὲ
411 2578 584 2688 φροντίζων
606 2583 661 2668 τῆς
688 2579 863 2690 ὑπηρεσίας
888 2577 1021 2669 ἀπάσης
1045 2576 1296 2691 τραπεζοποιάς,
1323 2600 1359 2656 et
1377 2583 1570 2658 Athenaeo
1584 2584 1637 2657 IV
1649 2612 1689 2687 p.
1708 2589 1814 2662 170f.

233 2700 368 2781 ἐκάλουν
394 2703 427 2780 δὲ
451 2701 685 2814 τραπεζοποιὸν
711 2700 765 2779 τδν
790 2706 960 2814 τραπεζῶν
985 2702 1177 2796 ἐπιμελητὴν
1206 2703 1263 2779 καί
1287 2707 1344 2792 τῆς
1371 2699 1473 2791 άλλης
1498 2704 1683 2797 εὖκοσμίας.

373 2832 448 2903 XII
470 2859 509 2933 p.
533 2834 601 2904 551
622 2857 655 2904 a.
692 2823 785 2922 πάσῳ
814 2820 865 2900 οὖν
898 2820 1030 2901 κάλλιον
1056 2823 1223 2917 πενίμενον
1249 2824 1324 2900 eilrat
1349 2820 1541 2935 λεπτότερον
1569 2822 1610 2900 ῶν
1638 2827 1816 2920 καταλέγει

224 2946 412 3062 Ἕρμιππος
445 2957 476 3025 ἒν
506 2948 683 3059 Κέρκωψιν
715 2941 734 3038 ἢ
764 2952 1067 3059 ὑπερπλουτοῦντας
1098 2952 1144 3044 τῶ
1176 2947 1371 3058 Ταναγραίῳ
1404 2943 1494 3037 κη’τει
1524 2945 1673 3038 {studeam
1711 2955 1815 3031 Nihil

233 3076 321 3152 dum
353 3076 502 3150 allatum
528 3073 605 3151 vidi
632 3073 732 3178 quod
768 3077 933 3149 obscuris
959 3077 1080 3151 verbis
1110 3075 1232 3148 lucem
1258 3075 1400 3149 alferat.
1456 3073 1700 3150 Scribendum
1725 3105 1814 3155 vero

231 3191 564 3309 ἦὺπερπλουτοῶντα
595 3200 639 3292 τῷ
667 3195 861 3306 Ταναγραίῳ
892 3203 994 3284 Κητεῖ
1013 3191 1162 3280 ἐοικέναι,
1195 3202 1298 3272 cuius
1333 3196 1597 3273 emendationis
1622 3199 1814 3277 fideiusso-

232 3350 309 3400 rem
335 3325 456 3399 habeo
477 3322 715 3427 Hesychium,
745 3319 939 3430 Ταναγραίῳ
962 3317 1044 3420 φυὴν
1068 3314 1157 3408 κάτει
1176 3313 1367 3409 ὁμοιίπηταε
1383 3318 1525 3430 Ἐφορος
1542 3319 1633 3412 λέγει
1651 3320 1731 3398 εἷναί
1745 3356 1816 3400 τινα

231 3453 261 3521 ἐν
281 3441 442 3555 Τανάγρᾳ
463 3440 678 3538 παχύτατον,
704 3434 738 3520 δς
764 3441 894 3532 ἐλέγετο
922 3436 1056 3529 Κηπεάς.
1085 3442 1256 3534 Quorum
1281 3446 1480 3519 verborum
1506 3451 1629 3546 priora
1655 3453 1706 3522 ita
1733 3477 1814 3524 cor-

230 3570 379 3674 rigenda
406 3568 577 3645 videntur
603 3563 798 3674 Ταναγραίῳ
825 3562 906 3664 φυὴν
931 3569 1033 3650 Κητεῒ
1048 3555 1249 3654 ὁμοιότατος,
1276 3567 1336 3641 vel
1352 3570 1383 3639 si
1402 3570 1533 3641 comici
1551 3585 1685 3670 poetae
1702 3573 1815 3645 verba

231 3711 335 3785 sunt,
370 3697 472 3779 Κητεῒ
499 3683 700 3799 προσόμοιος.
752 3691 837 3764 Fuit
867 3692 978 3791 igitur
1010 3687 1146 3763 Ceteus
1182 3688 1372 3791 praedives
1407 3688 1555 3792 quidam
1582 3690 1813 3792 Tanagraeus

230 3817 405 3920 idemque
437 3820 603 3918 corporis
636 3815 813 3888 obesitate
845 3817 1006 3915 insignis.
1061 3812 1231 3887 Nominis
1266 3806 1386 3900 Κωπεύς
1418 3812 1646 3913 exemplum,
1685 3842 1811 3917 quam·

232 3970 342 4046 quam
368 3939 591 4031 fabulosum,
618 3937 732 4012 habes
767 3935 864 4040 apud
891 3934 1117 4037 Apollodor.
1142 3945 1179 4027 3,
1203 3945 1238 4028 8,
1264 3945 1298 4008 2.

371 4063 465 4138 XIII
487 4091 526 4167 p.
545 4066 617 4137 555
633 4088 666 4136 a.
720 4065 785 4134 Δεῖ
809 4053 886 4168 γάρ,
920 4050 945 4132 ῶ
969 4049 1132 4141 βασιλεῦ,
1164 4053 1218 4132 τδν
1250 4061 1339 4133 ταῦτ’
1368 4052 1608 4154 άποδχάμενον
1632 4057 1699 4134 <tal
1725 4091 1811 4156 συμ-

229 4182 343 4269 litam
369 4179 532 4264 πολλάκις
557 4178 797 4272 δεδειπνηκέναι
848 4182 1064 4287 Legendum
1089 4174 1332 4284 ἀποδεξάμενον.
1384 4181 1442 4257 Ad
1469 4189 1659 4287 sequentia
1685 4188 1811 4261 conse·

230 4312 365 4388 rendus
388 4309 660 4385 Demosthenes
687 4337 719 4384 c.
752 4308 900 4383 Conon.
930 4336 970 4410 p.
996 4310 1105 4398 1261,
1132 4311 1190 4381 19.

370 4434 464 4508 XIII
481 4462 520 4536 p.
539 4433 666 4507 5571).
695 4420 729 4508 ‘ds
749 4434 912 4539 (Δαρεῖος)
939 4427 1091 4539 περὶτῶν
1115 4421 1197 4503 ίλων
1223 4431 1373 4521 πολεμῶν
1398 4426 1587 4538 τριακοσίας
1610 4425 1811 4519 πεντήκοντα

229 4550 397 4666 περιήγετο
425 4552 645 4639 παλλακίδας,
672 4558 713 4633 ῶς
738 4560 863 4664 ἱστορεῖ
883 4551 1099 4662 Δικαίαρχος.
1151 4553 1225 4629 Pro
1245 4546 1445 4641 πεντήκοντα
1465 4555 1552 4629 exB
1576 4555 1810 4631 scribendum

229 4674 386 4783 ἐξίκοντο
406 4679 694 4783 cllssurtioVI,
719 4688 780 4755 20.
804 4680 998 4783 pellices
1017 4696 1252 4754 trecentae
1274 4695 1318 4753 et
1338 4683 1593 4780 sexaginta,
1616 4677 1808 4754 totidem

1490 4816 1527 4889 D
