4492 5686
418 466 467 543 'ab
497 490 558 557 co,
597 462 642 539 ad
683 466 785 539 cuius
819 467 1032 541 societatem
1064 463 1336 568 Xanthippum,
1373 461 1525 539 Periclis
1553 462 1683 558 lilium,
1719 492 1757 541 se
1784 468 2003 571 applicuisse
2051 454 2054 461 ¹

417 588 600 664 Athen.V
618 616 654 691 p.
669 594 743 661 220
758 587 792 662 d.
814 587 936 677 tradit,
961 605 1172 693 temporum
1197 592 1357 663 rationes
1382 592 1565 677 evincunt,
1590 593 1620 663 si
1648 586 1798 692 quidem
1819 590 2002 696 Xanthip-

417 740 488 816 pus
507 730 590 788 ante
609 712 788 787 Periclem
817 713 1002 804 occubuit,
1032 711 1306 788 Archestratum
1333 730 1453 788 autem
1473 714 1720 817 gastrologum
1740 719 1835 790 circa
1849 714 2000 819 Olymp.

420 836 582 913 CXVIII
607 840 792 939 scripsisse
818 840 903 911 satis
932 837 1172 940 probabiliter
1203 835 1444 912 demonstrari
1469 854 1606 940 potest.

559 961 599 1036 Ρ.
617 966 673 1034 25.
725 959 785 1035 De
812 959 986 1065 Scythico
1008 987 1105 1043 arcu,
1134 961 1280 1063 qualem
1301 965 1408 1035 ctiam
1433 960 1662 1038 Penthesilea
1687 966 1850 1065 gestabat
1870 969 1908 1038 in
1930 962 2003 1037 Po·

419 1085 560 1189 lygnoti
587 1086 712 1160 tabula
739 1084 837 1188 apud
864 1084 1019 1161 Pausan.
1045 1085 1095 1176 X,
1113 1093 1176 1178 31,
1202 1093 1238 1159 8.
1261 1086 1328 1160 cfr.
1348 1084 1519 1160 Strabon.
1533 1087 1571 1159 ΙΙ
1589 1114 1629 1191 p.
1658 1092 1725 1161 187
1740 1090 1846 1187 (125)
1867 1088 2002 1162 Miille-

419 1237 502 1283 rum
534 1207 580 1282 ad
615 1209 768 1284 Varron.
795 1210 841 1284 L.
868 1210 915 1285 L.
943 1238 983 1312 p.
1006 1214 1089 1283 151.
1130 1226 1166 1282 et
1195 1209 1318 1283 Millin
1349 1211 1520 1284 Monum.
1555 1209 1654 1285 incd.
1689 1212 1800 1286 Tom.
1826 1213 1844 1285 1
1875 1239 1913 1315 p.
1941 1217 2000 1285 15.

419 1332 477 1406 Ad
505 1331 642 1437 Hedyli
675 1333 800 1408 locum
827 1360 938 1435 quem
965 1332 1103 1408 ibidem
1129 1337 1280 1408 tractavi
1306 1333 1373 1409 cfr.
1403 1332 1578 1408 Babrium
1605 1336 1680 1409 sah.
1710 1341 1792 1428 115,
1817 1337 1853 1410 7.
1878 1324 1921 1408 rd
1946 1335 2004 1422 τῆς

419 1455 559 1564 {persipis
584 1447 695 1529 πάντα
720 1448 808 1564 tripli
832 1484 885 1531 σοι
911 1449 1018 1531 bicor.

560 1579 604 1655 P.
629 1586 692 1673 35,
717 1588 751 1654 2.
809 1580 888 1656 cfr.
922 1579 1126 1656 Grammat.
1155 1580 1271 1657 Bell.
1302 1609 1341 1685 p.
1364 1585 1452 1675 369,
1470 1590 1532 1658 31.
1556 1576 1816 1692 ’Δκροεελεύπιον
1841 1576 1936 1660 ἕποιο
1967 1578 2003 1656 τὸ

419 1696 570 1797 ἔσχατον
598 1700 779 1801 κεφαλαίου
806 1697 888 1781 τινὸς
912 1706 1095 1790 ποιητικῶς,
1120 1707 1186 1779 ubi
1211 1705 1284 1808 leg.
1312 1707 1488 1793 ποιητικοῦ.

560 1827 605 1904 Ρ.
630 1835 677 1901 40
695 1829 760 1902 fin.
815 1825 925 1903 Adde
951 1831 1089 1930 piscem
1118 1827 1364 1905 chelidoniam
1391 1829 1519 1906 Schol.
1548 1831 1651 1906 Arat.
1682 1838 1754 1904 224
1783 1849 1820 1907 et
1845 1857 2003 1934 gemmas

420 1950 647 2029 chelidonias
671 1951 769 2027 Plin.
791 1950 876 2025 HN.
897 1950 1097 2043 XXXVII,
1122 1957 1206 2026 154.

560 2075 604 2151 Ρ.
622 2084 684 2169 41,
707 2085 743 2149 3.
799 2075 924 2178 Ipsum
951 2073 1043 2148 illud
1069 2066 1124 2162 ἤδη
1145 2103 1177 2148 τι
1203 2075 1315 2150 habet
1331 2077 1562 2181 Antiphanes
1582 2078 1678 2181 apud
1698 2079 1836 2155 Athen.
1853 2080 1872 2153 I
1888 2082 2002 2183 phe.

419 2240 424 2247 ·
559 2199 604 2276 P.
623 2208 684 2274 42.
739 2198 966 2274 Postremam
998 2216 1140 2302 partem
1166 2199 1314 2302 prologi
1338 2198 1471 2303 Agonis
1498 2199 1756 2294 consideranti,
1786 2201 1936 2276 ἐνταῦθα
1956 2258 1999 2276 ..

420 2317 523 2416 μάγοι
547 2319 626 2403 τινὲς
651 2320 784 2398 ἔπεισαν
813 2325 856 2400 ὠς
881 2318 1001 2423 ἄξουσι
1031 2319 1087 2410 τὴν
1114 2317 1237 2416 ψυχὴν
1262 2314 1328 2397 ἅνω
1355 2326 1413 2410 τῆς
1438 2318 1646 2411 Πυθιονίκης,
1673 2322 1771 2398 haud
1799 2330 1923 2428 inepta
1949 2330 2002 2399 vi·

420 2445 568 2525 debitur
588 2453 808 2536 coniectura,
834 2449 955 2524 verbis
981 2447 1053 2522 illis
1080 2464 1269 2549 utcunque
1294 2450 1440 2541 vitiatis,
1471 2436 1551 2521 ἕπου
1578 2450 1594 2520 ὁ
1622 2440 1772 2540 κάλαμος
1798 2442 1926 2546 πέφυχ’
1953 2438 2004 2522 ide

421 2566 544 2670 φὲτωμ’
573 2568 690 2680 ἄορνον,
718 2571 871 2645 indicari
896 2572 1020 2644 locum
1046 2575 1084 2644 in
1108 2575 1241 2645 vicinia
1263 2569 1463 2673 Babylonis
1490 2598 1585 2659 eum,
1612 2598 1723 2674 quem
1748 2572 1922 2648 describit
1947 2572 2003 2647 his
2079 2602 2090 2623 ·

420 2698 542 2770 verbis
570 2696 754 2769 Lucienus
787 2694 965 2798 Necyom.
997 2697 1032 2767 9.
1067 2688 1136 2766 rire
1168 2696 1355 2797 (superato
1381 2694 1587 2798 Euphrate)
1612 2688 1870 2787 εἰσεπλεύσαμεν
1897 2690 2002 2774 cirri

420 2809 491 2895 iiras
525 2815 579 2893 nai
610 2812 665 2905 τὴν
698 2814 808 2909 λίμνην
841 2822 883 2895 εἰς
911 2806 947 2903 iis
981 2820 996 2889 ὃ
1025 2808 1200 2924 Εὐφράτης
1229 2813 1437 2914 ἀφανίζεται,
1469 2817 1709 2927 περαιωθέντες
1735 2814 1768 2915 di
1799 2817 1855 2894 uel
1883 2814 2002 2907 ταύτην

420 2935 656 3041 ἀφικνούμεθα
682 2937 724 3020 εἴς
750 2973 781 3016 τι
806 2939 927 3051 χωρίον
954 2937 1066 3049 ἔρημον
1094 2936 1149 3013 καὶ
1174 2936 1294 3017 ludher
1326 2937 1382 3015 sai
1411 2933 1546 3028 deditior.
1600 2945 1657 3017 Eo
1692 2960 1813 3019 autem
1839 2945 1926 3018 loco
1954 2973 2001 3017 νε-

422 3071 626 3158 κυομαντεῖον
660 3067 769 3141 luisse
801 3094 821 3155 e
853 3067 1090 3169 sequentihus
1123 3065 1356 3167 intelligitur,
1392 3093 1467 3169 quo
1499 3072 1611 3170 magis
1645 3068 1734 3142 mihi
1765 3072 1928 3172 persuasi
1959 3072 2000 3141 in

420 3194 542 3266 verbis
570 3184 693 3288 pirwu’
720 3186 828 3299 ἄορνον
854 3190 954 3263 lacus
980 3187 1078 3262 illius
1104 3187 1218 3263 latere
1245 3194 1478 3282 memoriam3
1508 3216 1642 3265 aornos
1670 3195 1767 3267 enim
1791 3193 1892 3267 lacus
1918 3219 2002 3266 cum

420 3319 685 3419 necyomantiis
723 3314 800 3387 fere
832 3317 1048 3386 coniunctos
1085 3316 1251 3413 reperio,
1281 3313 1446 3385 velutin
1473 3312 1708 3414 Thesprotia,
1739 3314 1836 3416 apud
1866 3315 2002 3392 Cumas

419 3438 565 3513 Italicas
592 3437 746 3539 aliisque
772 3436 878 3510 locis.

560 3560 604 3635 P.
629 3567 690 3654 43,
724 3569 782 3635 12.
835 3563 953 3634 scribe
993 3558 1225 3662 Carystius
1261 3584 1331 3660 pro
1364 3556 1682 3633 Dicaearchus.
1738 3560 1782 3633 Iu
1814 3542 2001 3663 Euripidis

420 3686 506 3761 loco
538 3684 676 3759 ibidem
711 3684 822 3758 allato
855 3687 979 3758 nescio
1011 3710 1056 3756 an
1087 3708 1158 3784 pro
1189 3684 1358 3791 εὐπρεπεῖς
1389 3680 1624 3756 scribendum
1651 3686 1697 3757 sit
1723 3685 1883 3791 stirpensis
1908 3689 1933 3759 i.
1964 3712 1998 3758 e.

421 3802 620 3918 εὐτράπελοι,
648 3807 748 3911 quod
775 3811 927 3913 proprie
955 3805 1000 3880 de
1026 3808 1205 3908 parasitis,
1241 3833 1336 3908 quos
1363 3803 1537 3880 describit
1562 3823 1687 3909 poeta,
1719 3806 1791 3882 dici
1817 3825 1971 3884 constat.

561 3932 605 4007 P.
632 3937 694 4024 53,
717 3938 752 4005 5.
808 3931 972 4006 Verbum
999 3924 1157 4038 ἱδρῦσθαι
1185 3928 1230 4003 de
1270 3935 1340 4005 situ
1380 3933 1514 4005 montis
1555 3948 1654 4005 rectc
1693 3930 1764 4006 dici
1796 3927 1904 4033 plosse
1932 3930 1998 4006 do-

421 4075 480 4133 cet
506 4056 641 4133 Strabo
664 4054 747 4148 VII,
772 4061 808 4149 4,
832 4061 867 4128 5.
900 4047 1027 4145 ἰοθμὲς
1051 4048 1182 4161 ἵδρυται
