4492 5686
1105 261 1154 332 30

1014 375 1248 401 mm

337 534 442 592 natus
469 517 685 592 auctoritate
712 513 915 590 dedicatam
941 513 1100 607 dicente,
1136 515 1326 590 conciliari
1358 519 1502 618 possint
1534 542 1611 590 non
1636 516 1745 592 video
1773 521 1842 590 nisi
1868 522 1918 592 ita

334 662 376 719 ut
401 660 463 719 aut
479 644 606 747 Lysias
633 659 777 717 senatus
804 643 963 718 consulti
990 660 1118 717 auctor
1141 641 1332 735 habeatur,
1363 659 1425 716 aut
1447 644 1602 744 probata
1621 643 1705 718 cod.
1727 642 1915 746 Sangerm.

335 775 513 875 scriptura
537 771 731 874 Lysaniam
759 770 954 873 sculptoris
987 796 1124 844 nomen
1152 770 1262 844 fuisse
1294 787 1506 861 statuamus,
1543 796 1619 871 qno
1645 789 1754 873 pacto
1781 766 1849 844 sire
1875 798 1920 847 ex

334 895 431 972 ἐποίει
458 915 673 1001 corruptum
698 897 814 973 videri
840 901 969 999 possit.
1023 896 1218 1000 Lysaniam
1245 897 1470 998 sculptorem
1497 922 1542 970 ex
1568 896 1677 971 titulo
1704 925 1724 971 a
1750 898 1918 976 Winlel·

337 1053 471 1100 manno
508 1024 674 1127 Operum
709 1023 856 1114 vol.VI,
884 1032 919 1095 2.
947 1028 1088 1124 ρ.312.
1127 1022 1226 1097 edito
1261 1028 1475 1099 memoravit
1508 1023 1681 1126 Silligius.
1745 1024 1920 1101 Ceterum

337 1152 500 1227 eiusdem
531 1152 638 1224 huius
671 1149 854 1224 simulacri
880 1154 1096 1224 memoriam
1121 1149 1219 1252 apud
1247 1150 1470 1254 Hesychium
1498 1151 1728 1224 obliteratam
1754 1157 1920 1255 suspicor

335 1283 374 1353 in
405 1279 475 1353 hac
507 1279 639 1380 glossa,
675 1271 767 1383 Κριὸς
797 1269 1040 1384 ἅτελγίκερωςι
1072 1268 1106 1362 ἦν
1139 1280 1170 1350 ἐν
1202 1278 1241 1373 τῇ
1272 1271 1447 1386 ἀκροπόλει
1479 1272 1564 1386 κριὸς
1588 1275 1792 1367 ἀνακείμενος
1815 1275 1920 1368 μέγας

335 1407 505 1497 χαλκοῦς.
537 1394 767 1509 ἆτελγίκερων
800 1397 833 1474 di
861 1397 957 1475 αὐτὸν
988 1397 1057 1475 εἴτε
1083 1396 1223 1477 Πλιίτων
1254 1395 1446 1496 inopinis,
1473 1399 1526 1477 διὰ
1549 1399 1586 1478 τὸ
1613 1401 1718 1494 μέγαν
1745 1400 1832 1488 εἶναι,
1865 1402 1920 1480 καί

337 1529 543 1639 τνναριθμεῖ
562 1530 651 1622 αὐτῷ
678 1522 731 1602 το’ν
757 1558 798 1616 «γε
822 1521 954 1637 Δοιίριον
979 1527 1087 1602 ἵππον.
1130 1529 1217 1623 Quo
1243 1531 1329 1604 loco
1358 1559 1474 1632 quum
1498 1557 1570 1633 pro
1595 1523 1649 1604 τίν
1674 1560 1714 1618 γε
1740 1548 1837 1606 recte
1856 1557 1920 1605 co·

337 1658 407 1734 dex
432 1658 566 1732 habeat
592 1649 645 1730 τίν
673 1685 723 1749 τε,
754 1672 921 1758 apertum
949 1672 1003 1730 est
1030 1654 1204 1731 excidisse
1230 1656 1383 1760 aliquid,
1415 1657 1517 1759 quod
1534 1657 1644 1733 Plato
1666 1675 1821 1760 propter
1844 1682 1919 1732 ma·

335 1784 563 1889 gnitudinem
590 1784 700 1858 simul
717 1810 800 1858 cum
817 1783 938 1856 Durio
958 1809 1057 1884 equo
1084 1800 1121 1857 et
1147 1788 1258 1859 ariete
1284 1787 1535 1860 coniunxerat.
1584 1784 1828 1860 Scribendum
1853 1788 1919 1886 igi·

335 1932 395 1988 tur
421 1916 600 2015 suspicor:
630 1901 685 1983 τίν
711 1939 748 1982 τι
773 1900 905 2016 Δοιίριον
931 1904 1030 1982 ίτπον
1055 1906 1110 1982 καί
1133 1905 1187 1982 τὸν
1212 1901 1295 1990 βοῦν
1322 1905 1380 1985 tir
1399 1925 1564 2004 χαλκουν.

475 2039 533 2112 IX
549 2066 587 2142 p.
600 2042 671 2111 3-99
687 2064 720 2110 a.
757 2039 771 2108 ὃ
805 2030 862 2123 τὴν
895 2037 958 2109 τῶν
980 2032 1145 2144 Ἀτρειδῶν
1173 2032 1320 2110 κάθοδον
1344 2035 1528 2124 πεποιηκὼς
1553 2042 1584 2111 ἐν
1610 2068 1655 2131 τω
1681 2035 1777 2146 τρίτῳ
1805 2032 1919 2136 φησίν·

324 2158 417 2240 *Iuor
449 2161 483 2237 δ’
507 2159 690 2273 Ἑρμιονεὺς
721 2159 801 2236 τοο-ί
834 2158 1070 2269 καρπαλίμοισι
1102 2157 1295 2253 μεταστνίν.
1346 2164 1421 2240 Pro
1437 2155 1529 2238 Ἰτον
1558 2165 1796 2240 Casanbonus
1823 2168 1920 2236 Νῖσον

335 2295 512 2383 tentabat,
542 2317 620 2365 non
647 2301 792 2364 memor
815 2289 971 2362 Homeri
995 2289 1042 2361 Il.
1070 2290 1142 2380 XI,
1169 2301 1253 2364 101.
1283 2286 1390 2399 αὐτὰρ
1413 2294 1427 2364 ὁ
1453 2282 1502 2377 βῆ
1526 2283 1662 2400 (ρ’Ἷσίν
1688 2320 1725 2364 τι
1746 2283 1919 2364 καίἈντι·

337 2439 398 2517 φοι
423 2413 622 2524 ἐξεναρίξων.
674 2417 921 2490 Hermioneus
947 2417 1074 2516 Argiui
1099 2441 1238 2490 nomen
1265 2443 1341 2491 esse
1368 2416 1525 2492 videtur.

476 2544 534 2618 IX
550 2572 589 2645 p.
602 2549 676 2616 toa
690 2544 730 2616 b.
760 2539 816 2616 καί
840 2536 993 2649 Σλκρίας,
1019 2537 1060 2617 εἷς
1081 2536 1112 2614 δ’
1134 2538 1220 2614 ἐστὶν
1248 2534 1338 2618 οὗτοι
1362 2544 1420 2626 τῆς
1440 2545 1607 2628 Ἰταλικῆς
1632 2539 1828 2630 καλουμένας
1855 2571 1920 2615 κω-

336 2665 457 2763 μῳδίας
481 2661 620 2754 ποιητής.
671 2669 727 2742 Ita
752 2667 969 2742 Dindorlius
997 2665 1112 2741 edidit
1138 2667 1343 2743 Colomesii
1374 2667 1550 2741 iudicium
1582 2685 1771 2770 sequutus,
1808 2697 1921 2768 quum

336 2797 423 2872 libri
455 2796 616 2870 habeant
645 2791 778 2904 Σκίρας.
830 2795 887 2869 Ac
919 2822 1004 2869 sane
1037 2800 1088 2868 ita
1118 2796 1289 2869 scribitur
1318 2794 1392 2869 boc
1425 2821 1563 2869 nomen
1594 2793 1691 2897 apud
1719 2793 1921 2868 stobaeum

336 2924 437 2998 Flor.
458 2924 508 3015 II,
529 2930 564 2998 9.
592 2923 735 3016 XVIII,
758 2931 792 2996 2.
824 2922 926 3015 CIII,
950 2930 985 2996 1.
1012 2924 1145 3024 quibus
1163 2921 1255 2996 locis
1273 2921 1405 2995 lemma
1425 2940 1479 2997 est
1496 2917 1671 3030 Σκληρίου,
1700 2919 1802 3023 quod
1820 2919 1922 2993 Pho-

335 3055 407 3126 tius
432 3051 532 3126 Bibl.
559 3055 643 3143 167,
664 3056 804 3153 p.115.
835 3050 929 3124 mals
963 3055 1147 3125 revocavit
1173 3048 1217 3122 ad
1246 3053 1511 3124 nominativum
1529 3041 1697 3156 Σκλνίριος.
1739 3047 1826 3122 Non
1853 3046 1920 3121 dn·

334 3178 527 3252 bitandum
553 3195 675 3251 tamen
703 3180 793 3278 quin
819 3175 1041 3251 restituenda
1068 3181 1115 3251 sit
1139 3177 1320 3251 librorum
1346 3181 1537 3278 scriptura.
1586 3175 1711 3268 Quum
1729 3179 1827 3250 enim
1845 3198 1921 3248 σκι-

336 3296 388 3410 ρίς
414 3320 451 3377 et
477 3296 617 3410 οκληρίς
644 3306 790 3375 nonnisi
817 3303 937 3376 forma
960 3308 1057 3376 inter
1082 3328 1120 3375 se
1148 3300 1332 3391 differant,
1362 3330 1397 3377 v.
1429 3301 1581 3375 Salmas.
1612 3301 1657 3374 ad
1685 3301 1844 3374 Tertull.
1874 3298 1922 3374 de

335 3428 431 3502 Pall.
467 3455 506 3531 p.
521 3431 606 3502 297.
637 3445 674 3503 et
698 3428 864 3504 Lobeck.
895 3429 1079 3532 Aglaoph.
1113 3456 1153 3531 p.
1171 3433 1280 3507 1311.
1320 3444 1487 3530 apertum
1525 3444 1580 3502 est
1610 3425 1766 3502 eundem
1799 3427 1919 3499 bomi-

336 3582 421 3632 nem
448 3572 485 3631 et
511 3550 632 3663 Σκίραν
658 3556 720 3632 vel
746 3551 878 3665 Σκιρίαν
912 3574 949 3631 et
975 3553 1140 3665 Σκληρίαν
1165 3558 1346 3632 nominari
1372 3558 1549 3657 potuisse.
1602 3553 1772 3628 Nominis
1798 3548 1922 3661 Σκίρας

337 3683 546 3787 exemplum
572 3682 749 3759 habemus
775 3688 862 3757 item
889 3682 987 3785 apud
1005 3684 1230 3784 Diognetum
1249 3682 1452 3757 Herodiani
1469 3683 1570 3757 Dict.
1595 3681 1694 3755 solit.
1723 3709 1762 3784 p.
1779 3691 1837 3773 11,
1857 3685 1918 3757 29.

338 3805 460 3885 Κίλλον
496 3806 549 3886 τὸν
586 3804 714 3918 Σκίρου.
767 3807 847 3885 Nisi
881 3808 918 3884 id
954 3809 998 3885 ad
1033 3805 1150 3918 Σκίρας
1184 3808 1445 3886 revocandum.
1500 3810 1672 3911 Denique
1707 3807 1804 3911 apud
1837 3809 1917 3882 Ioa.

336 3934 481 4037 Lydum
516 3936 562 4011 (lc
588 3938 751 4039 Megiste.
781 3937 812 4028 l,
833 3942 894 4013 10.
926 3933 1091 4011 Ῥίνθωνα
1123 3931 1177 4010 καί
1198 3927 1361 4044 'tinnipant
1396 3933 1451 4010 καί
1473 3940 1616 4010 statas
1643 3929 1698 4008 καί
1728 3929 1802 4011 τοὺς
1831 3933 1921 4031 (hoc

337 4058 550 4161 delendum)
577 4054 697 4139 ἄλλους
723 4065 786 4137 τῶν
813 4059 1051 4174 Πυθαγορείων
1076 4059 1173 4153 ίτμιν
1199 4065 1351 4154 κωμικῶν
1377 4056 1586 4152 artavadus
1615 4057 1667 4135 tat
1692 4062 1747 4147 τῆς
1772 4052 1921 4151 μεγάλης

332 4179 493 4265 Ἑλλάδος
517 4179 683 4275 revisitat
711 4181 925 4282 καθηγητιίς,
954 4216 1023 4296 pro
1036 4183 1200 4298 ’Λσκῆραν
1227 4194 1351 4292 pot-ius
1368 4187 1490 4299 Σκίραν
1518 4217 1627 4292 quam
1648 4185 1811 4297 Σκληρίαν
1837 4213 1919 4262 cor-

336 4311 527 4414 rigendum
554 4329 621 4389 est.
676 4312 735 4389 Ad
764 4320 893 4418 poesin
922 4318 1046 4393 Scires
1073 4316 1175 4420 quod
1202 4322 1344 4410 attinet,
1374 4318 1444 4392 luit
1470 4344 1514 4392 ea
1536 4316 1780 4392 Rhintonicae
1805 4311 1919 4385 simil-

336 4438 421 4513 lima
448 4445 678 4543 niaximeque
705 4444 743 4517 in
770 4446 988 4545 tragicorum
1016 4461 1210 4547 poctarum
1236 4444 1387 4547 parodia
1414 4447 1637 4520 versabatur.
1693 4436 1806 4535 Quod
1832 4437 1920 4514 Sto·

335 4566 447 4640 baeus
465 4566 567 4641 Flor.
590 4567 691 4661 CIII,
710 4574 746 4644 1.
769 4568 889 4645 cidem
916 4586 1047 4673 poetae
1074 4573 1202 4647 tribuit
1226 4598 1372 4646 carmen
1390 4571 1658 4646 nobilissimum
1672 4561 1839 4657 Ὑγιαίνειν
1864 4560 1919 4658 μὲν

334 4685 464 4802 ιίριστον
491 4689 576 4802 ἀνδρί
607 4691 725 4789 θνατῷ
757 4724 787 4769 κ.
802 4724 830 4769 τ.
845 4706 876 4769 λ
910 4696 946 4772 id
983 4696 1084 4801 quod
1113 4724 1236 4774 errore
1265 4696 1436 4775 acciderit
1462 4697 1618 4775 indicavi
1642 4696 1785 4798 Fragm.
1808 4693 1916 4769 Com.

335 4846 452 4919 graec.
481 4820 537 4896 III
556 4847 594 4925 p.
614 4824 695 4898 169.
