4492 5686
471 459 678 576 ἀφορώμενος
711 459 786 539 νεῶς
819 459 874 536 καί
903 457 939 536 τό
973 455 1135 556 πόλισμα,
1170 469 1208 538 in
1236 467 1370 566 qulbus

471 584 622 682 πόλισμα
647 607 769 665 autem
793 586 840 661 de
866 588 1033 691 acropoli
1059 588 1350 690 intelligendum.
1405 589 1682 666 Accuratissime
1702 598 1811 695 igitur
1829 597 1954 672 locum
1974 627 2053 676 mo·

471 719 638 791 numenti
663 714 761 787 illius
788 711 974 804 indicarit,
1005 717 1106 787 cuius
1135 741 1250 814 quum
1275 730 1350 787 tam
1369 719 1497 816 ingens
1518 714 1731 818 magnitudo
1758 719 1880 806 suerit,
1905 738 1946 794 ut
1971 724 2053 796 nul·

470 841 548 915 lum
575 844 651 914 eius
677 840 866 938 vestigium
894 834 1005 911 hodie
1032 863 1221 940 superesse
1247 842 1307 912 vix
1333 837 1433 912 credi
1459 845 1589 942 possit,
1624 839 1772 917 videant
1799 845 1932 944 quibus
1958 847 2055 920 Arti-

471 993 551 1039 cam
575 987 765 1067 peragrare
793 987 1007 1035 concessum
1034 977 1101 1052 est,
1132 988 1177 1036 an
1203 962 1442 1038 Dicaearchoi
1468 964 1540 1039 loci
1563 961 1676 1039 ductu
1698 982 1735 1040 et
1755 965 1893 1042 indicio
1915 969 2055 1071 aliquid

470 1089 708 1190 reliquiarum
732 1083 901 1187 indagare
930 1101 1078 1187 queant.

610 1210 704 1284 XIII
721 1238 760 1311 p.
779 1213 850 1282 596
866 1210 893 1282 I.
949 1211 1162 1318 Στρατοκλῆς
1187 1213 1202 1282 ὃ
1230 1200 1332 1319 ῥητωρ
1359 1208 1511 1319 ἐρωμένην
1539 1207 1613 1305 εἶχε
1638 1208 1693 1299 τέην
1720 1213 1961 1302 ἐπικληθεῖσαν
1989 1209 2053 1302 Λη-

470 1366 530 1428 μην
563 1331 700 1443 έταίραν,
734 1328 789 1418 τὴν
818 1330 1014 1420 καλουμένην
1041 1326 1232 1441 Παρόραμα,
1260 1329 1313 1406 acl
1338 1328 1375 1407 τό
1404 1331 1459 1407 καί
1483 1327 1539 1408 δύο
1568 1332 1727 1443 δραχμῶν
1754 1339 1869 1435 φοιτῶν
1896 1329 1975 1446 πρδς
1999 1333 2054 1413 τόν

469 1452 678 1550 βουλόμενον.
714 1458 816 1530 Haec
838 1473 1024 1558 postrema
1050 1474 1092 1529 ut
1118 1484 1200 1530 cum
1228 1459 1478 1560 superioribus
1498 1459 1737 1535 conciliarent
1754 1466 1822 1536 viri
1847 1460 1961 1554 docti,
1991 1489 2052 1538 va-

470 1591 531 1660 riis
546 1585 765 1660 coniecturis
779 1596 965 1655 tentarunt
987 1584 1106 1682 ipsum
1124 1578 1217 1652 illud
1231 1573 1423 1689 Παρόραμα,
1437 1581 1540 1657 velut
1547 1583 1721 1659 Valcken.
1735 1585 1782 1659 ad
1797 1584 2050 1688 Adon.p.315

470 1704 650 1818 δ’δραχμον
672 1708 839 1780 coniecit.
891 1705 1008 1805 Atqui
1037 1695 1220 1811 Παρόραμα
1245 1732 1322 1779 non
1350 1705 1622 1781 sollicitandum
1648 1726 1722 1803 est;
1751 1714 1815 1811 qui
1842 1713 1939 1783 enim
1965 1703 2051 1800 λη’μη

470 1833 615 1922 dicitur,
643 1828 743 1903 idem
769 1830 966 1902 rectissime
994 1825 1126 1901 dicitur
1151 1821 1335 1936 παρόραμα.
1363 1829 1443 1905 Cir.
1460 1829 1668 1934 Photiusp.
1687 1840 1773 1923 220,
1792 1838 1827 1906 5.
1856 1825 2051 1925 Λημάνχό-

466 1984 559 2064 τροις
583 2002 621 2014 -
645 1950 783 2026 ἐπὶτῶν
809 1946 881 2024 λίαν
907 1942 1118 2059 παρορῶντων
1146 1948 1200 2023 καί
1225 1941 1523 2043 ἀμβλυωττόντων.
1574 1956 1704 2058 Itaque
1736 1972 1819 2031 ante
1846 1956 1909 2029 illa
1935 1951 1989 2029 δά
2014 1951 2051 2030 τό

468 2079 607 2185 aliquid
635 2075 810 2153 excidisse
835 2079 1013 2178 suspicor.

607 2204 702 2277 XIII
723 2230 763 2304 p.
786 2204 859 2273 596
875 2226 907 2273 c.
942 2203 983 2275 εἰς
1016 2193 1048 2271 δέ
1080 2193 1137 2285 τὴν
1168 2194 1343 2308 Δωρίχαν.
1361 2192 1430 2273 τόδ’
1458 2198 1587 2287 ἐποίησε
1613 2199 1849 2310 τούπίγραμμα
1874 2198 2049 2278 Ποσείδιπ-

469 2360 528 2407 πος
547 2375 585 2389 -
604 2322 676 2402 έστι
703 2321 736 2398 δέ
760 2317 842 2399 τόδε.

701 2461 706 2469 ’
785 2443 938 2555 Δωρίχα,
965 2446 1065 2521 ὀστέα
1090 2443 1145 2539 μέν
1175 2443 1223 2521 σά
1249 2441 1354 2520 τάλαν
1380 2440 1572 2539 κοιμήσατο,
1599 2445 1727 2541 δεσμῶν

874 2567 1006 2662 χαίτης,
1031 2562 1087 2657 η’τε
1112 2562 1219 2678 μύρων
1246 2564 1379 2647 ἔκπνοος
1404 2566 1590 2663 ἀμπεχόνη,

786 2688 805 2780 ἤ
831 2724 912 2768 ποτε
937 2688 990 2767 τόν
1016 2688 1175 2801 χαρίεντα
1202 2691 1464 2802 περιστέλλουσα
1486 2688 1646 2803 Χόραξον,

875 2810 1049 2925 σύγχρους
1074 2813 1230 2925 ὀρθρινῶν
1252 2809 1348 2908 ἥψαο
1375 2809 1572 2898 κισσυβίων.

468 2951 530 3025 Vs.
557 2957 570 3020 1
602 2951 686 3021 satis
712 2960 796 3047 apte
823 2941 868 3016 ad
896 2945 1113 3017 sententiam
1139 2942 1327 3017 Iacobsius
1354 2946 1512 3017 coniecit
1536 2938 1636 3016 ὀστέα
1666 2939 1722 3034 μέν
1749 2940 1796 3018 τό
1822 2936 1928 3018 πόλαι
1954 2939 2048 3029 κόνις,

467 3071 545 3148 οἵτ’
572 3065 753 3160 ἀποδεσμοί
777 3061 908 3160 χαίτης.
959 3064 1033 3140 Sed
1066 3059 1253 3157 ἀποδεσμός
1283 3071 1354 3140 nisi
1380 3064 1426 3139 de
1453 3068 1563 3141 fascia
1589 3068 1769 3170 pectorali
1796 3094 1872 3144 non
1899 3068 2044 3144 dicitur.

465 3200 632 3272 Fortasse
658 3207 818 3297 praestat
845 3182 944 3263 ἀστέα
970 3184 1025 3278 μέν
1052 3184 1100 3262 od
1127 3183 1232 3263 πόλαι
1254 3186 1338 3276 κονίη
1356 3179 1372 3262 ό
1393 3218 1430 3262 τε
1449 3185 1569 3281 δεσμός
1588 3188 1718 3284 χαίτης.
1745 3193 1809 3268 Vs.
1831 3201 1853 3265 3
1875 3197 1941 3269 etsi
1960 3194 2047 3267 ferri

464 3335 589 3424 potest
619 3309 636 3401 ἥ
664 3344 744 3388 ποτε
771 3312 816 3385 ad
842 3309 1046 3385 Doricham
1079 3311 1252 3403 relatum,
1289 3316 1412 3384 nescio
1439 3329 1561 3386 tamen
1588 3339 1635 3385 an
1661 3331 1820 3414 praestet
1845 3311 1867 3409 ᾗ
1889 3345 1980 3396 ποτε,
2007 3335 2048 3390 ut

463 3441 628 3519 Doricha
656 3437 863 3515 Charaxum
891 3461 954 3509 sua
980 3450 1079 3509 veste
1106 3438 1144 3508 in
1171 3433 1285 3509 cubili
1309 3437 1441 3509 texisse
1467 3431 1621 3509 dicatur.
1675 3435 1749 3510 Pro
1777 3428 1951 3546 σύγχρους
1970 3464 2047 3514 non

464 3567 630 3669 intelligo
662 3592 727 3639 cur
757 3587 834 3636 non
869 3550 1041 3666 σόγχροος
1073 3575 1184 3662 poeta
1218 3558 1400 3633 maluerit.
1459 3557 1518 3632 De
1544 3557 1790 3662 productione
1821 3563 2045 3663 penultimae

465 3699 503 3767 in
528 3689 683 3799 ὀρθρινῶν
710 3689 893 3760 immerito
921 3681 1064 3757 dubitat
1087 3680 1282 3756 Dobraeus
1308 3679 1404 3756 Adv.
1425 3682 1462 3755 II
1479 3709 1519 3786 p.
1537 3687 1625 3756 sto.

605 3811 702 3886 XIII
725 3837 764 3912 p.
786 3811 859 3882 596
875 3834 908 3881 e.
945 3802 999 3880 nai
1030 3799 1186 3913 Νικαρέτη
1223 3801 1255 3878 δέ
1279 3808 1297 3891 η
1323 3801 1466 3913 Μεγαρίς
1498 3808 1557 3878 οὐκ
1591 3800 1723 3894 ἀγεννῶς
1747 3796 1783 3892 ἦν
1809 3803 1929 3916 ἑταίρα,
1955 3799 2047 3882 ἀλλά

465 3935 519 4011 καί
551 3933 668 4024 γονέων
708 3930 762 4004 καί
793 3927 882 4004 κατά
920 3925 1064 4003 παιδείαν
1097 3923 1276 4037 ἐπέραστος
1305 3920 1350 4014 ἦν.
1402 3929 1494 4004 Post
1531 3925 1650 4018 γονέων
1682 3929 2044 4034 Schweighaeuserus

463 4054 625 4150 εὐγενέων,
653 4054 791 4130 Coraes
818 4052 911 4126 ἕνεκα
936 4051 1021 4126 addi
1046 4053 1255 4129 voluerunt.
1310 4053 1482 4155 Utroque
1507 4071 1668 4155 praestat
1693 4057 1828 4158 opinor
1853 4051 1907 4127 καί
1926 4052 2043 4142 γονέων

464 4177 514 4284 [εί
536 4176 605 4282 ἧκε]
635 4176 690 4254 καί
716 4171 805 4251 κατά
830 4171 975 4249 παιδείαν
1000 4171 1179 4283 ἐπέραστος
1204 4168 1249 4264 ἦν,
1286 4203 1357 4278 qua
1389 4176 1550 4251 dictione
1580 4194 1725 4279 praeter
1752 4178 1842 4253 alios
1872 4206 1958 4253 usus
1990 4197 2045 4255 est

463 4309 637 4382 Aelianus
651 4303 697 4377 V.
715 4301 764 4375 H.
780 4298 847 4392 IV,
870 4305 927 4373 15.
955 4289 989 4372 οὗ
1014 4293 1079 4406 γάρ
1106 4301 1217 4388 γένους
1241 4290 1325 4387 ἥκων
1351 4291 1386 4373 εῧ
1411 4295 1445 4372 δέ
1469 4297 1524 4373 καί
1549 4296 1691 4374 πλούτου
1717 4303 1776 4375 οὐκ
1801 4294 2009 4391 έγνμνιίζετο.

603 4428 697 4501 XIII
714 4455 752 4529 p.
773 4427 845 4497 608
861 4449 894 4498 e.
936 4422 996 4496 De
1011 4421 1274 4498 Chaeremonis
1293 4423 1501 4525 fragmentis
1518 4453 1612 4499 unus
1632 4428 1794 4499 omnium
1809 4427 1948 4526 optime
1967 4453 2042 4503 me·

463 4560 536 4630 ruit
557 4553 788 4627 Hermannus
814 4552 852 4620 in
876 4545 1023 4649 Berglcii
1048 4548 1181 4622 Annal.
1204 4554 1298 4620 1813
1316 4575 1356 4650 p.
1374 4548 1460 4623 637.
1482 4552 1542 4622 cui
1557 4565 1599 4623 ut
1615 4552 1654 4622 in
1670 4547 1822 4649 reliquis
1838 4547 1971 4624 lubens
1987 4578 2041 4626 as·

464 4683 612 4758 sentior,
626 4680 674 4749 ita
688 4670 780 4746 illud
797 4669 898 4771 quod
913 4669 1291 4774 eCentauropetitum
1307 4687 1360 4747 est
1373 4674 1424 4747 sic
1436 4676 1561 4774 potius
1576 4670 1845 4749 emendandum
1861 4677 2040 4751 existimo:
