4492 5686
1202 275 1251 346 54

1106 388 1340 415 mmmm

437 545 509 605 tata
541 545 690 602 naturae
723 528 815 602 facie
843 545 959 603 terrae
987 543 1165 601 tremores
1191 532 1403 629 igniumque
1429 527 1663 602 infernalium
1691 535 1902 633 eruptiones
1929 556 2017 606 con·

435 659 576 757 sopitae
603 670 700 728 sunt:
730 652 846 757 idque
871 659 992 758 ipsum
1019 670 1087 745 est,
1119 652 1220 755 quod
1246 670 1387 730 veteres
1413 652 1714 756 Bellerophontis
1740 655 1877 748 tabula,
1907 681 2019 758 quem

433 796 533 855 recte
559 781 791 887 llermannus
818 778 958 883 Opusc.
978 779 1158 881 11p.1sa
1192 777 1422 882 Asprioidam
1454 784 1728 881 interpretatur,
1765 780 1927 855 indicare
1951 809 2018 857 vo·
2092 847 2103 874 ,

435 907 596 980 luerunt.
650 908 687 981 Is
718 910 816 981 enim
850 904 1058 997 Chimaera,
1098 931 1169 1006 qua
1200 909 1427 1006 ignivomum
1452 922 1617 979 montem
1642 904 1835 1007 significari
1861 924 2016 999 constat,

436 1030 577 1107 devicta
610 1048 645 1106 et
669 1032 855 1106 Tremilae
885 1031 969 1105 filiis
995 1035 1033 1104 in
1060 1047 1163 1106 antra
1189 1035 1370 1104 montium
1396 1031 1576 1133 relegatis,
1606 1035 1785 1105 incertum
1815 1059 1886 1133 qua
1913 1059 2019 1108 causa

435 1159 570 1260 Lycios
603 1160 905 1233 transnominavit
937 1161 1001 1259 qui
1036 1175 1119 1233 ante
1152 1184 1171 1231 a
1196 1161 1386 1261 perpetuis
1412 1173 1529 1232 terrae
1555 1158 1716 1232 motibus
1743 1158 1928 1233 Tremilae
1954 1185 2018 1261 ap·

434 1283 563 1384 pellati
595 1301 692 1357 sunt.
746 1285 801 1357 Ea
834 1281 881 1356 do
913 1309 953 1357 re
977 1283 1229 1359 Alexandrum
1262 1288 1300 1356 in
1325 1282 1490 1386 Lyciaois
1522 1287 1731 1386 exposuisse
1757 1299 1911 1358 testatur
1937 1283 2018 1359 Ste-

434 1409 577 1510 phanus
611 1409 699 1510 Byz.
737 1436 771 1481 v.
809 1402 948 1514 Τρεμιλη
982 1411 1119 1509 pilo.
1151 1403 1365 1513 Ἀλέξανδρος
1399 1400 1545 1515 τετάρτῳ
1578 1401 1802 1493 »τελευτήσας
1836 1401 1915 1481 τάδε
1945 1406 2021 1487 τοὺς

434 1527 613 1640 Τρεμιλέας
638 1529 771 1607 Λυκίους
798 1525 1055 1640 Βελλεροφόντης
1079 1526 1339 1622 μετωνόμασεν.”
1378 1533 1433 1607 Ita
1461 1537 1558 1606 enim
1585 1533 1675 1607 haec
1701 1532 1892 1608 scribenda
1919 1551 2016 1608 suut.

436 1659 611 1735 Ceterum
642 1661 672 1731 si
703 1673 802 1732 recte
827 1657 1015 1760 Euripidis
1046 1659 1172 1733 locum
1204 1661 1464 1761 interpretatus
1502 1685 1596 1750 sum,
1636 1651 1771 1766 ἔνθηρος
1803 1688 1885 1734 cum
1923 1653 2018 1765 ripas

439 1782 749 1884 coniungendam,
778 1778 901 1890 ἵδρυται
928 1800 1049 1859 autem
1076 1809 1121 1857 eo
1155 1809 1231 1884 quo
1258 1809 1335 1859 uon
1360 1809 1444 1858 raro
1470 1785 1604 1886 legitur
1629 1784 1831 1885 significatu
1848 1812 1918 1888 pro
1942 1778 2016 1878 ᾤκι-

436 1935 515 1981 σται
541 1906 794 2010 accipiendum
821 1924 888 1982 est.
1679 1936 1683 1945 “

1037 3214 1419 3306 CORRIGENDA.

581 3431 614 3490 P.
626 3429 676 3506 tt,
687 3430 728 3490 10
749 3450 826 3491 corr.
847 3429 990 3510 Astyanax
1011 3441 1041 3491 et
1054 3429 1189 3491 Antenor
1281 3429 1362 3505 18,2
1385 3429 1623 3512 Hegesianactem
1717 3430 1768 3505 λό,
1778 3433 1817 3490 12
1838 3430 1946 3492 sinuosi
1968 3432 2016 3493 lit·

437 3538 510 3599 toris
533 3536 693 3618 epitheton.
777 3536 879 3613 28‚26
901 3536 1087 3599 scribendum
1169 3536 1270 3612 2221
1294 3548 1376 3617 aptus
1470 3535 1573 3612 30,34
1594 3536 1624 3597 id
1647 3558 1704 3617 quo
1781 3536 1832 3613 48,
1843 3538 1882 3598 13
1904 3534 2017 3623 ἀκρισίᾳ

438 3667 500 3707 rem
637 3638 834 3729 Βογχορηίδος
856 3643 997 3723 p.36,12
1020 3645 1076 3705 iam
1096 3642 1249 3705 Dohraeus
1270 3643 1346 3705 Adv.
1367 3644 1406 3703 11.
1428 3666 1457 3725 p:
1468 3644 1539 3705 333.
1559 3642 1778 3724 Aphrodisium,
1799 3644 1836 3705 de
1857 3665 1914 3724 quo
1937 3645 2016 3726 pas

437 3753 556 3829 dictum,
585 3764 686 3835 portus
708 3773 815 3813 nomen
837 3771 898 3811 esse
921 3750 1006 3810 etiam
1027 3750 1205 3811 Ulrichsium
1231 3773 1350 3834 negasse
1376 3750 1472 3811 audio.
1514 3750 1562 3812 De
1583 3750 1792 3832 Epicharmeis‚
1817 3773 1888 3832 quae
1915 3750 2017 3831 passim

438 3859 568 3934 tractavi,
590 3859 735 3921 adeundus
757 3871 800 3922 est
821 3856 1062 3938 locupletissimus
1084 3856 1219 3919 Ahreosii
1241 3856 1316 3918 liher
1337 3856 1373 3918 de
1396 3857 1462 3917 dial.
1484 3856 1603 3919 Dorica.
