4492 5686
1104 237 1153 309 32

1012 351 1247 378 mmm

338 488 541 582 Ταγηνισταὶ
567 496 632 595 qui
658 491 745 567 dicti
771 493 920 584 fuerint,
955 509 1085 566 notum
1110 510 1164 566 est
1184 518 1235 568 ,ex
1261 496 1479 594 cognomine
1506 494 1629 569 fabula
1647 495 1915 599 Aristophanis.

339 620 513 697 Ceterum
528 609 664 712 ithae,
695 647 804 722 quam
830 645 900 721 pro
927 617 1112 720 tragoedia
1138 618 1268 692 habuit
1293 618 1441 695 Urlichs
1467 620 1611 721 Fragm.
1638 623 1776 697 Achaei
1794 624 1915 698 Eretr.

339 771 377 847 p.
391 753 451 818 21.
472 764 571 822 recte
590 750 783 850 satyricum
802 745 925 818 drama
951 745 1061 819 luisse
1080 749 1258 820 existimat
1271 744 1489 823 Welclrerus
1503 747 1613 848 Trag.
1635 774 1689 849 gr.
1705 750 1761 823 III
1774 778 1814 853 p.
1828 754 1915 825 960.

476 872 514 947 X
531 880 631 977 p.22
645 901 677 948 a.
707 877 738 946 ἓν
765 862 959 966 Σθενεβοίᾳ
985 867 1016 945 δ’
1044 875 1058 944 ὃ
1085 867 1253 980 Εὐριπίδης
1279 869 1351 981 περὶ
1376 868 1683 962 adsensionemque·

845 996 918 1076 Βιός
942 993 975 1071 δὲ
999 1001 1187 1108 πορφυροῦς
1211 991 1409 1077 θαλάσσιος

745 1130 803 1200 οὐκ
830 1118 1033 1233 εὐτράπεζος,
1058 1129 1139 1199 ἀλλ’
1164 1118 1312 1199 ἐπάκτιοι
1339 1120 1475 1226 φάτναι·

743 1248 831 1361 ὑγρά
856 1248 888 1324 δὲ
912 1245 1025 1360 μη’τηρ,
1049 1255 1085 1326 ού
1112 1243 1314 1341 πεδοστιβὴς
1337 1246 1465 1363 τροφάς,
1484 1298 1524 1314 -

336 1379 451 1454 Recte
473 1379 693 1453 Matthiaeus
723 1384 945 1482 piscatorum
979 1378 1070 1453 haec
1094 1382 1206 1456 verba
1239 1406 1316 1455 esse
1351 1383 1547 1455 arbitratur
1580 1379 1626 1456 de
1660 1382 1916 1457 Stheneboeae

336 1510 436 1580 exitu
461 1511 630 1580 nuntium
657 1506 901 1581 asserentium.
957 1503 1032 1580 Sed
1063 1510 1182 1580 minus
1208 1509 1304 1581 bene
1330 1506 1427 1581 idem
1453 1534 1560 1583 versu
1586 1513 1708 1611 primo
1735 1509 1918 1615 πορφυροῦς

335 1622 411 1711 βίος
437 1631 483 1706 de
509 1636 582 1709 vita
608 1638 744 1707 marina
770 1637 1044 1734 interpretatur.
1098 1633 1191 1706 Mihi
1217 1650 1327 1735 poeta
1349 1637 1564 1743 πορφυρεῦσιν
1583 1626 1811 1711 ἓνθαλάσσιος
1828 1638 1914 1708 scri-

334 1764 448 1862 psisse
479 1757 684 1852 ridebatur,
719 1776 761 1833 ut
790 1785 1036 1862 purpurarum
1069 1763 1267 1862 piscatores
1297 1778 1409 1863 poeta
1435 1761 1629 1862 loquentes
1655 1761 1912 1836 introduxerit.

334 1886 479 1959 Horum
505 1888 613 1987 igitur
637 1890 748 1961 vitam
774 1890 812 1960 in
838 1884 945 1959 undis
971 1889 1106 1960 versari
1132 1902 1170 1959 et
1195 1912 1340 1961 mensae
1365 1886 1504 1961 deliciis
1532 1914 1654 1962 carere
1681 1886 1781 1962 dicit.
1827 1888 1914 1961 Fra-

335 2016 487 2114 gmentis
506 2011 762 2088 Stheneboeae
779 2011 877 2086 haud
899 2009 1209 2086 contemnendum
1227 2013 1523 2115 supplementum
1551 2041 1670 2117 nuper
1696 2019 1845 2089 accessit
1871 2040 1914 2088 ex

333 2139 450 2227 schol.
481 2139 575 2214 Ven.
606 2139 650 2213 ad
677 2138 870 2242 Aristoph.
899 2138 987 2213 Pac.
1022 2147 1104 2212 123.
1141 2142 1156 2211 ὃ
1189 2131 1287 2227 λάγος
1312 2129 1521 2220 Σθενεβοίας
1554 2136 1738 2248 Εὐριπίδου·
1770 2136 1850 2217 τινὲς
1883 2135 1915 2212 δὲ
1966 2139 1971 2149 ’

334 2263 449 2340 οἴονται
474 2269 512 2339 ἔνι
536 2257 795 2374 Βελλεροφάντου
821 2261 1013 2375 παρῳδῆσαι
1038 2263 1309 2374 (παρῳδῆσθαι)·
1341 2260 1445 2343 σε’λας
1470 2261 1503 2338 δὲ
1527 2257 1646 2353 ταύτης
1673 2260 1768 2343 δεινδς
1793 2262 1915 2373 ἵδρυται

335 2384 452 2499 κράτος
482 2383 617 2498 ἔνθηροι
648 2382 666 2476 ἢ
695 2387 818 2478 ληστδης
851 2398 1034 2500 φρουρεῖται
1060 2386 1198 2467 κλύδωνι
1224 2389 1311 2488 λινῷ
1340 2391 1394 2468 καὶ
1418 2383 1628 2502 Βροτοστάνῳ
1654 2384 1773 2501 βρέμει
1798 2386 1915 2478 πτηνδς

335 2511 493 2627 πορεύσει.
532 2517 725 2618 Designari
742 2517 866 2591 locum
884 2521 1055 2591 monstris
1073 2534 1110 2591 et
1126 2519 1298 2619 periculis
1315 2521 1468 2621 pienum
1486 2521 1667 2595 intellexit
1683 2519 1913 2605 Matthiaeus‚

336 2650 400 2746 qui
431 2643 503 2716 illis
528 2644 650 2719 verbis
682 2642 842 2744 aliquem
868 2641 1142 2716 Stheneboeam
1173 2668 1193 2715 a
1226 2644 1382 2716 consilio
1413 2644 1742 2746 Bellerophontem
1775 2650 1814 2719 in
1839 2646 1913 2748 Ly-

334 2775 427 2846 ciam
459 2768 637 2873 sequendi
662 2767 847 2845 deterrere
871 2786 1043 2844 conatum
1071 2794 1148 2844 esse
1174 2795 1252 2842 non
1278 2769 1374 2842 male
1399 2773 1614 2872 suspicatur.
1670 2771 1793 2845 Verba
1819 2774 1911 2871 ipsa,

332 2902 402 2973 nisi
435 2896 536 2999 quod
570 2894 616 2969 de
647 2899 757 2999 primi
787 2923 911 2972 versus
945 2894 1199 2971 emendatione
1231 2893 1370 2997 aliquid
1407 2894 1643 2971 dubitationis
1669 2913 1793 2987 restat,
1828 2900 1912 2971 satis

335 3042 432 3101 certa
459 3028 668 3100 coniectura
695 3028 731 3097 in
759 3022 859 3097 hunc
885 3021 1037 3097 modum
1063 3027 1205 3098 restitui
1231 3040 1403 3125 possunt:

739 3145 846 3225 Πὲλας
873 3144 905 3221 δὲ
929 3141 1049 3236 ταύτης
1075 3144 1171 3226 δεινδς
1194 3145 1317 3258 ἵδρυται
1343 3142 1473 3259 Κράγος

740 3266 885 3380 ἕνθηρος,
912 3268 1116 3382 ᾖληστῆρσι
1142 3281 1325 3383 φρουρεῖται
1350 3269 1446 3382 πάρος

680 3409 684 3416 ’
741 3393 879 3474 κλύδωνι
905 3395 991 3494 δεινῷ
1018 3396 1073 3506 καὶ
1098 3390 1307 3509 θροτοιιτάνῳ
1334 3390 1477 3506 βρέμων.

738 3540 775 3600 Β.
806 3521 923 3614 πτηνδς
946 3520 1096 3636 πορεύσει
1121 3529 1244 3604 πῶλος·
1270 3531 1305 3601 οὐ
1332 3521 1608 3619 ναυσθλώσομαι.

331 3659 387 3733 lta
419 3659 516 3731 enim
547 3655 638 3729 haec
664 3669 849 3756 postrema
875 3653 1153 3756 redintegranda
1180 3671 1264 3728 sunt
1297 3681 1342 3729 ex
1368 3660 1450 3758 ipso
1481 3654 1562 3748 illo,
1600 3653 1644 3728 ad
1678 3681 1789 3757 quem
1821 3656 1911 3731 haec

330 3785 582 3888 proferuntur,
617 3782 703 3856 loco
729 3780 1000 3883 Aristophanis,
1035 3785 1073 3854 in
1106 3808 1181 3882 quo
1214 3784 1409 3856 sciscitanti
1434 3781 1585 3873 filiolae,
1623 3808 1776 3884 ecquam
1808 3799 1912 3883 pater

332 3912 517 4012 Trygaeus
544 3914 682 3985 itineris
708 3906 928 3984 conficiendi
953 3907 1134 3983 rationem
1161 3906 1308 3999 habeat,
1338 3902 1393 3979 nal
1417 3903 1465 3984 τίς
1490 3899 1586 4017 πάρος
1608 3934 1661 3982 σοι
1683 3909 1740 3993 τῆς
1760 3902 1830 3979 ὁδοῦ
1852 3936 1910 3995 γε·

333 4027 481 4122 ιη’σεταις
509 4036 585 4110 ναῦς
609 4031 664 4125 μὲν
691 4029 758 4143 γάρ
784 4038 843 4109 οὐκ
864 4027 939 4135 άξει
962 4062 1003 4109 σε
1027 4027 1146 4120 ταύτην
1172 4028 1227 4120 τὴν
1254 4025 1332 4116 ὁδάν,
1365 4034 1551 4136 Trygaeus
1576 4031 1795 4136 respondet:
1826 4062 1908 4119 πτη-

333 4157 382 4239 νδς
412 4152 561 4270 πορεύσει
592 4161 714 4237 πῶλος·
747 4163 783 4234 οὐ
815 4153 1092 4251 ναυσθλώσομαι.
1145 4158 1250 4252 Quae
1282 4164 1361 4262 ipsa
1386 4157 1573 4261 Euripidis
1604 4162 1716 4236 rerba
1748 4186 1825 4236 esse
1851 4160 1912 4235 vel

332 4294 449 4366 oratio
476 4285 626 4362 indicat.
672 4282 790 4362 Versu
815 4287 977 4363 secundo
1004 4279 1139 4395 ἔνθηρος
1165 4304 1220 4363 est
1245 4288 1353 4361 feris
1380 4290 1682 4388 monstrisque
1707 4286 1911 4388 repletus

331 4433 373 4490 ut
397 4421 437 4489 in
462 4415 588 4490 Rheso
614 4440 667 4490 vs.
682 4415 768 4488 279.
798 4409 914 4523 δρυμὸν
942 4407 1055 4491 roseric
1079 4409 1214 4523 ἔνθηρον
1240 4406 1358 4505 μολών.
1402 4412 1518 4488 Recte
1541 4430 1664 4488 autem
1689 4416 1767 4486 sine
1796 4411 1910 4485 dubio

331 4533 429 4650 ripae
454 4541 642 4643 supplevi3
672 4567 781 4642 quam
808 4545 847 4614 in
872 4568 951 4616 rem
977 4539 1243 4643 comparandus
1266 4557 1319 4615 est
1338 4539 1508 4615 Cratinus
1525 4543 1564 4612 in
1583 4536 1761 4641 Seriphiis
1778 4539 1907 4640 fragm.

329 4669 384 4745 lv
399 4697 439 4772 p.
457 4669 540 4741 186.
575 4671 641 4743 τοῖς
668 4658 874 4745 λωποδύταις
905 4670 920 4740 ὃ
954 4659 1050 4776 πάρος
1080 4668 1214 4740 πεινῶσι
1243 4659 1425 4764 παφλάζει,
1459 4669 1672 4769 quae-item
1700 4692 1744 4739 ex
1769 4669 1908 4740 itineris

329 4797 575 4900 descriptione
609 4790 769 4868 derivata
803 4810 900 4870 sunt.
954 4795 1101 4870 Licebit
1135 4809 1259 4868 autem
1292 4791 1386 4867 illud
1419 4793 1662 4895 fragmentum
1696 4793 1769 4868 alio
1802 4817 1908 4894 prae·
