4492 5686
997 250 1041 321 13

901 365 1135 390 mmmm

225 503 299 611 ἔφη,
325 508 617 598 ἀπομνημονεῦσαι·
667 506 746 578 Iam
771 509 936 607 sequitur
962 523 1110 581 centum
1135 522 1172 581 et
1196 509 1323 608 viginti
1350 507 1508 582 duorum
1532 533 1703 585 versuum
1728 535 1805 584 car-

226 665 312 713 men
343 662 387 710 ex
412 635 619 708 Homericis
651 634 871 707 carminibus
897 638 1087 735 ingenioso
1114 632 1350 737 parodiarum
1375 635 1459 709 lusu
1485 634 1679 729 deflexum,
1716 663 1805 711 con·

223 767 310 842 vivii
336 790 357 838 a
381 760 551 836 Xenoele
578 759 794 834 Atheniensi
820 765 985 862 apparati
1011 758 1296 862 descriptionem
1322 763 1584 865 complectens.
1626 762 1806 838 Personas

224 907 370 996 praeter
394 887 603 962 Xenoclem
628 891 762 988 ipsum,
798 883 844 960 de
878 912 953 988 quo
987 891 1025 960 in
1051 888 1146 961 Hist.
1179 887 1287 963 Com.
1318 916 1371 990 gr.
1400 893 1540 992 polo.
1571 888 1802 981 dictumest,

224 1016 369 1093 induxit
387 1013 725 1117 Chaerephontem,
746 1012 975 1087 famosissimi
993 1018 1151 1088 nominis
1169 1018 1380 1117 parasitum,
1403 1032 1438 1091 et
1452 1015 1673 1092 Stratoclem
1689 1016 1805 1091 Athe·

224 1150 401 1235 niensem,
431 1140 478 1215 'de
506 1165 581 1242 quo
607 1156 694 1242 post
719 1138 980 1214 Ruhnkenium
1008 1139 1052 1214 ad
1080 1141 1196 1216 Rutil.
1224 1141 1396 1244 Lup.3‹l.
1427 1149 1598 1220 annotavi
1626 1123 1806 1245 quaedam

225 1271 271 1346 ad
296 1271 439 1370 Fragm.
471 1267 580 1343 Com.
601 1265 742 1343 vol.IV
759 1295 797 1369 p.
812 1267 898 1342 474.
946 1266 1146 1341 Probabile
1174 1283 1228 1341 est
1254 1272 1365 1342 etiam
1391 1268 1481 1343 alios
1509 1269 1689 1372 quosdam
1715 1294 1803 1343 con·

222 1401 319 1475 rivio
345 1394 572 1487 interfuisse;
600 1419 677 1467 non
699 1409 820 1497 totum
847 1397 945 1467 enim
972 1409 1008 1467 et
1033 1397 1214 1495 integrum
1241 1421 1386 1468 carmen
1413 1397 1459 1468 ab
1481 1396 1675 1471 Athenaeo
1694 1396 1804 1469 luisse

223 1526 445 1627 appositum,
480 1535 626 1623 praeter
651 1519 840 1594 manifesta
872 1520 1084 1593 lacunarum
1116 1518 1250 1594 indicia
1283 1524 1391 1594 etiam
1425 1547 1469 1595 ex
1502 1548 1547 1597 eo
1574 1523 1801 1624 intelligitur,

224 1647 324 1754 quod
352 1674 429 1723 non
455 1662 646 1749 comparet
671 1650 710 1719 in
738 1672 783 1720 eo
809 1672 933 1722 versus
960 1649 1006 1719 ab
1032 1645 1225 1720 Athenaeo
1244 1646 1282 1718 H
1299 1651 1399 1750 p.62
1414 1675 1447 1722 c.
1477 1647 1641 1724 disertim
1667 1676 1712 1724 ex
1730 1642 1803 1720 Δεί-

223 1807 291 1872 πνῳ
319 1776 467 1851 allatus:
498 1765 618 1881 ἔστρεά
643 1775 669 1846 τ’
694 1763 812 1859 ἤνεικεν
839 1767 970 1849 Θέτιδος
993 1768 1141 1881 Νηρηίδος
1164 1765 1253 1855 riba,
1281 1778 1345 1875 qui
1371 1791 1458 1876 post
1483 1802 1536 1851 vs.
1551 1778 1612 1851 97.
1642 1781 1803 1850 inseren-

223 1904 290 1979 dus
323 1901 480 1979 videtur.
535 1899 615 1974 Nec
646 1898 806 1974 dubitari
836 1916 960 2003 potest
993 1903 1083 2001 quin
1116 1898 1161 1974 ad
1194 1899 1292 1974 idem
1324 1901 1398 1975 hoc
1430 1929 1577 1977 carmen
1609 1908 1718 1978 etiam
1744 1901 1805 1975 alii

223 2029 374 2133 quidam
398 2055 523 2104 versus
549 2024 733 2101 referendi
760 2031 844 2118 sint,
877 2051 970 2128 quos
997 2026 1075 2104 aliis
1101 2027 1193 2101 locis
1209 2028 1421 2103 Athenaeus
1438 2055 1516 2104 non
1539 2029 1700 2104 indicato
1726 2054 1803 2101 car·

221 2160 328 2231 minis
361 2154 470 2229 titulo
504 2154 719 2257 simpliciter
753 2178 799 2228 ex
829 2154 1009 2227 Matronis
1043 2152 1205 2256 parodiis
1240 2159 1423 2255 apposuit.
1478 2157 1535 2228 Ex
1566 2155 1640 2229 hoc
1672 2178 1803 2256 genere

221 2299 306 2358 sunt
333 2308 427 2384 quos
453 2285 607 2358 servavit
632 2280 670 2352 H
687 2309 726 2382 p.
740 2283 787 2351 64
803 2304 835 2353 e.

528 2398 678 2491 Σάηκους
703 2399 734 2474 d’
751 2405 809 2475 οὐκ
834 2393 872 2474 ἀν
897 2397 964 2490 ἐγὼ
990 2395 1189 2492 μυθήσομαι
1215 2397 1284 2475 οὐδ’
1312 2398 1463 2494 ὀνομήνω,

526 2521 660 2616 μυελόεν
685 2517 888 2617 βλάστημα,
913 2518 1183 2635 καρηκομένιντας
1208 2521 1387 2613 ἀκάνθαις,

525 2643 695 2735 βολβίνας
720 2652 779 2737 θ’,
793 2646 830 2727 ai
852 2649 947 2742 Ζηνάς
967 2650 1154 2747 Ὀλυμπίου
1181 2652 1257 2728 εἰσίν
1283 2652 1390 2740 ἀοιδοί,

526 2770 565 2858 ἀς
590 2784 621 2854 ἓν
646 2775 762 2889 χέρσῳ
788 2775 907 2888 θρέψε
930 2776 1007 2857 Διάς
1033 2787 1111 2856 παῖς
1135 2773 1280 2858 ἀσπετος
1307 2774 1462 2891 ὄμβρος·

526 2902 719 3016 λευκοτέρας
743 2900 854 3000 χιένος
879 2901 964 2980 ι’ἀέειν
990 2899 1162 2997 ἀμύλοισιν
1188 2902 1313 2996 ὁμοίας·

528 3027 615 3107 τάυν
642 3030 807 3131 φυομένων
836 3026 1008 3141 ἠράσσατο
1035 3025 1151 3105 πέτνια
1175 3026 1316 3141 γαστήρ.

223 3164 298 3259 Qui
323 3188 447 3238 versus
475 3189 589 3264 quum
615 3165 747 3233 mirum
773 3165 813 3233 in
838 3157 990 3233 modum
1014 3163 1245 3234 consentiant
1262 3187 1347 3234 cum
1363 3164 1406 3234 iis
1425 3187 1519 3263 quae
1537 3179 1683 3237 nostrae
1702 3163 1800 3238 eclo-

220 3318 285 3395 gae
310 3291 482 3392 leguntur
507 3291 636 3391 vab&
671 3280 795 3394 καρῖάές
826 3284 872 3357 θ’
899 3279 938 3358 ci
963 3280 1058 3372 Ζηνάς
1077 3283 1264 3379 Ὀλυμπίου
1290 3284 1366 3360 εἰσίν
1398 3283 1505 3371 ἀοιδοί,
1531 3306 1568 3364 et
1592 3317 1646 3367 vs.
1660 3294 1695 3364 5.
1725 3302 1799 3364 λευ-

222 3413 368 3525 κοτέρους
392 3407 514 3508 χιένος,
542 3405 656 3486 ἔσθειν
685 3408 718 3486 ‹l'
745 3405 915 3504 ἀμύλοισιν
944 3408 1075 3504 ὁμοίους.
1107 3405 1193 3486 τάνιν
1220 3410 1275 3486 καί
1298 3410 1411 3522 Βορέης
1434 3406 1606 3522 ἦριίσσατο
1632 3443 1801 3507 πεσσομε·

222 3536 315 3626 νάνιν,
343 3546 451 3618 etiam
467 3541 541 3616 hoc
560 3556 774 3642 argumento
792 3543 1026 3641 cognoscitur
1041 3564 1169 3614 verum
1194 3564 1272 3614 esse
1301 3539 1403 3642 quod
1431 3569 1540 3645 supra
1567 3542 1653 3635 dixi,
1684 3543 1801 3616 multo

220 3675 397 3743 maiorem
430 3668 538 3741 huius
571 3669 739 3740 carminis
772 3668 949 3740 ambitum
978 3666 1103 3758 fuisse,
1142 3692 1252 3767 quam
1285 3669 1331 3740 ab
1363 3668 1558 3745 Athenaeo
1592 3673 1802 3771 appositum

221 3812 287 3871 est.
342 3796 388 3868 In
419 3795 524 3869 brevi
555 3797 653 3866 enim
680 3796 840 3867 carmine
867 3796 948 3896 quis
973 3819 1138 3895 unquam
1162 3810 1272 3895 poeta
1300 3793 1503 3869 eorundem
1528 3791 1801 3897 propemodum

219 3949 390 4000 versuum
417 3923 634 4016 ¹iterationes
667 3920 737 3993 sibi
753 3919 981 4022 permittat?
1032 3920 1100 3993 His
1133 3917 1227 3994 adde
1264 3947 1379 4024 porro
1415 3947 1508 4023 quae
1541 3920 1712 4022 leguntur
1744 3921 1801 3995 III

219 4077 258 4152 p.
272 4051 318 4124 73
336 4046 373 4122 d.

525 4169 588 4247 Kal
613 4167 724 4246 σικυάν
749 4165 839 4257 εἶδον,
865 4170 960 4262 γαίης
986 4167 1141 4283 ἐρικυδέος
1165 4167 1240 4256 bb,

428 4290 432 4297 ¹
527 4294 666 4389 κείμενον
688 4302 719 4372 ἕν
745 4290 916 4392 λαχάνοις,
944 4303 959 4372 ὁ
986 4296 1017 4373 δ’
1036 4302 1085 4373 ἐπ’
1112 4294 1198 4374 ἐννέα
1217 4304 1301 4374 κεῖτο
1319 4293 1495 4408 τραπέζας.

222 4428 327 4523 Quae
365 4431 452 4503 item
487 4454 665 4502 summam
700 4425 974 4502 similitudinem
1012 4427 1152 4502 babent
1186 4455 1271 4502 cum
1304 4443 1452 4502 nostrae
1488 4427 1636 4528 eclogae
1668 4431 1795 4503 esso.

221 4569 257 4628 et
282 4556 344 4628 st.

524 4678 586 4754 Kal
610 4675 724 4754 Τιτυὸν
751 4675 828 4754 elder
853 4676 965 4771 λίμνης
989 4675 1133 4790 ἐρικυδέα
1157 4672 1315 4789 «γίγγραν,

526 4801 665 4897 κείμενον
691 4810 722 4881 ἒν
747 4800 942 4892 audito-0²,
968 4811 983 4881 ὁ
1010 4803 1104 4881 d'iar’
1130 4806 1217 4881 ἐννέα
1242 4812 1327 4881 κεῖτο
1353 4800 1527 4915 τραπέζας.
