4492 5686
1027 228 1081 299 ‘13

933 341 1175 371 wam

293 498 296 504 '
407 485 471 559 VI'
486 512 524 588 p.
543 483 615 558 267
629 484 668 557 b.
697 480 808 575 ἀθῷοι
828 472 1025 583 ἓξελθέντες
1046 483 1103 568 τῆς·
1120 474 1215 569 ιη’σου
1233 473 1474 560 ἐκπλεύσαντες
1493 475 1664 575 κατέσχον
1678 478 1735 569 τὴν
1747 475 1848 581 ’Ἐφε-

265 636 334 692 σον,
363 604 417 682 καὶ
443 613 472 680 οἱ
490 602 640 705 Ἐφέσιοι
664 609 702 679 ἐκ
729 598 851 680 τούτων
877 599 1030 695 ἐγένοντο.
1076 605 1152 681 Ρτο
1178 597 1419 682 ἐκπλεύσαντες
1445 605 1680 680 scribendum
1704 605 1850 682 videtur

263 725 475 810 πλεύσαντες.
514 731 705 806 Postrema
731 747 853 805 autem
879 757 957 805 non
984 746 1061 805 erat
1087 757 1154 805 cur
1174 747 1346 832 corrupta
1363 746 1511 832 putaret
1530 729 1689 804 Guhlius
1706 731 1846 833 Ephes.

262 883 302 958 p.
327 864 390 929 31.
448 857 532 930 Hoc
566 859 663 929 enim
696 853 803 946 dicit,
848 856 893 928 ab
927 854 984 928 his
1027 859 1205 955 originem
1238 851 1373 928 ducere
1408 858 1471 954 qui
1504 871 1633 956 postea
1672 853 1848 957 appellati

263 984 336 1054 sint
361 980 526 1081 Ephesii.
572 979 618 1053 In
650 980 888 1081 sequentibus
924 976 1095 1052 Clearchi
1128 978 1248 1053 verbis
1283 977 1406 1050 malim
1439 979 1454 1049 ὁ
1485 973 1551 1087 γὰρ
1587 972 1707 1065 οἰκέτης
1738 968 1850 1053 δοῦλός

263 1106 350 1178 ἐστιν
378 1099 457 1202 [ἐπὶ]
485 1093 600 1188 κτήσει
624 1094 921 1190 κατατεταγμένος.
963 1100 1087 1203 Pergit
1113 1105 1289 1203 scriptor:
1328 1101 1504 1176 καλοῦνται
1530 1097 1563 1175 δ’
1596 1107 1624 1174 οἱ
1647 1098 1771 1184 δοῦλοι,
1808 1101 1850 1178 sis

263 1222 319 1318 μέν
337 1218 509 1335 Κλέαρχός
535 1231 645 1311 φησιν,
672 1218 743 1316 ἆζοι
768 1222 822 1298 καὶ
846 1215 1051 1333 θεράποντες
1078 1221 1132 1298 καὶ
1158 1217 1351 1308 ἀκόλουθοι,
1388 1221 1627 1327 ιι1ιίεηυίἅζοι
1653 1242 1843 1316 vocantur,

263 1352 350 1425 alias
376 1348 548 1427 dicuntur
572 1340 672 1440 ύοζοι,
702 1376 812 1451 quam
837 1374 967 1424 vocem
993 1373 1113 1451 nuper
1139 1364 1237 1420 recte
1265 1347 1357 1420 mihi
1381 1353 1581 1423 restituisse
1607 1346 1735 1422 videor
1761 1348 1847 1423 Cal·

261 1474 422 1550 limacho
448 1473 647 1549 Del.2‹19.
675 1475 742 1549 ubi
767 1471 878 1573 vulgo
904 1472 1038 1572 legitur
1064 1461 1174 1544 κύκνοι
1199 1464 1232 1543 δέ
1262 1468 1346 1543 θεοῦ
1380 1470 1557 1554 μέλποντες
1589 1466 1696 1552 ἀοιδοί,
1736 1471 1847 1545 allato

262 1597 459 1701 Hesychia,
476 1588 601 1689 ’Δοζοιι
625 1589 784 1704 μα’·γειροι,
810 1588 975 1703 ὑπηρέται,
1002 1584 1223 1700 θεράποντες,
1249 1585 1442 1667 ἅκύλουθοι.
1469 1587 1699 1685 Καλλιμαχος.
1738 1592 1848 1671 Nunc

262 1720 360 1797 addo
387 1722 532 1796 Aelian.
569 1721 720 1812 HA.H,
750 1728 812 1792 32.
865 1710 995 1799 κύκνος,
1031 1707 1124 1825 ύνπερ
1151 1707 1202 1789 οὖν
1229 1715 1284 1791 καὶ
1309 1711 1503 1826 θεράποντα
1524 1710 1706 1791 Ἀπέλλωνι
1732 1711 1847 1792 ἔδοσαν

263 1874 400 1931 ποιηται.

404 1969 457 2043 VI
483 1997 522 2072 p.
542 1970 609 2044 271
630 1968 668 2042 d.
711 1969 835 2043 Verba
863 1959 1153 2073 κατωνακοφόρους
1186 1965 1372 2040 καλεῖσθαι
1404 1961 1536 2043 δούλους
1560 1956 1647 2042 τινύς
1672 1977 1847 2072 παραπλη-

264 2089 352 2168 σίους
379 2084 471 2169 ὄντας
497 2097 562 2168 τοῖς
587 2084 812 2174 ἐπευνάκτοις,
840 2094 1063 2192 ineptissime
1091 2117 1111 2164 e
1138 2092 1389 2192 superioribus
1425 2095 1598 2192 repetita,
1639 2087 1846 2164 inducenda

264 2219 443 2302 arbitron
472 2241 541 2291 nec
567 2215 680 2290 babet
706 2242 748 2291 ea
775 2214 859 2290 cod.
880 2214 925 2288 Β.
1328 2178 1345 2214 ⁸
1833 2287 1834 2291 ,

402 2339 474 2412 VH
499 2366 538 2440 p.
558 2340 629 2411 276
644 2341 683 2410 b.
713 2340 769 2410 Ex
794 2336 1059 2411 Eratosthene:
1090 2339 1146 2410 τοῦ
1169 2332 1371 2428 Πτολεμαίου
1391 2335 1554 2429 κτίζοντος
1574 2332 1681 2444 ἑορτὴν
1703 2333 1758 2410 καὶ
1777 2335 1845 2411 θυ-

260 2466 341 2537 σιῶν
350 2457 567 2536 παντοδαπῶν
578 2454 653 2550 γένη
669 2456 724 2534 καὶ
736 2451 887 2549 μάλιστα
901 2459 973 2568 περὶ
985 2455 1038 2533 τέν
1047 2453 1214 2545 Διόνυσον,
1226 2453 1387 2570 ἦριύτησεν
1396 2454 1542 2570 Ἀρσινοή
1554 2451 1608 2535 sir
1623 2456 1761 2568 φέροντα
1773 2454 1847 2538 τοὺς

263 2580 417 2662 θαλλούς
437 2581 507 2659 τίνα
529 2587 581 2658 νῦν
600 2581 718 2691 ἡμέραν
739 2575 813 2671 ἄγει
831 2579 887 2656 καὶ
903 2580 952 2660 τίς
971 2587 1058 2657 ἐστιν
1080 2579 1181 2693 ἑορτή.
1223 2587 1280 2659 τοῦ
1300 2581 1333 2658 ‹i'
1353 2579 1505 2673 εἰπέντος,
1533 2590 1682 2658 καλεῖται
1701 2580 1757 2674 μέν
1778 2596 1845 2658 Λα-

263 2701 439 2818 γυνοφόρια
466 2727 536 2785 ete.
580 2709 725 2782 Morem
752 2707 870 2783 olivae
896 2734 1017 2782 ramos
1044 2708 1208 2809 gestandi
1241 2711 1319 2784 aliis
1354 2711 1531 2786 festorum
1566 2709 1846 2784 solennitatibus

263 2861 373 2935 quam
403 2835 590 2908 Minervae
624 2836 733 2907 sacris
757 2830 1034 2907 Panathenaicis
1069 2830 1273 2905 adhibitum
1309 2833 1431 2920 luisse,
1469 2857 1591 2932 neque
1624 2835 1843 2932 scriptorum

263 2960 480 3031 testimoniis
508 2955 633 3030 doceri
659 2971 783 3058 potest
815 2980 884 3029 nec
914 2981 982 3056 per
1013 2979 1051 3028 se
1082 2954 1277 3055 probabile
1314 2972 1379 3028 est.
1436 2953 1513 3030 Cir.
1537 2952 1646 3030 Com.
1668 2979 1787 3056 graec.
1807 2953 1846 3026 Π

263 3107 302 3181 p.
320 3087 382 3152 33.
430 3079 561 3181 Itaque
596 3106 710 3180 quum
745 3082 784 3151 in
814 3078 936 3153 verbis
967 3104 1076 3178 supra
1107 3076 1298 3179 adscriptis
1332 3093 1457 3180 aperte
1484 3075 1531 3152 de
1556 3078 1715 3181 Dionysi
1748 3079 1842 3152 sesto

264 3220 401 3304 agatur,
433 3229 508 3276 non
536 3201 696 3276 dubitari
720 3216 856 3304 potest,
887 3205 977 3303 quin
1002 3195 1056 3273 τὸν
1084 3194 1221 3308 φέροντα
1241 3199 1316 3278 τούς
1342 3193 1490 3298 φελλούς
1515 3200 1748 3278 scribendum
1775 3203 1843 3291 sit;

265 3343 374 3427 atque
401 3325 514 3400 habet
539 3325 575 3399 id
604 3331 724 3428 ipsum
752 3324 837 3399 cod.
862 3325 904 3399 B.

407 3448 476 3522 VII
502 3477 540 3551 p.
559 3459 627 3521 301
648 3450 675 3522 f.
713 3444 959 3555 Ἀρχέστρατος
984 3443 1019 3519 δέ
1044 3469 1157 3545 φησιν·

564 3568 671 3667 ’Appi
696 3566 728 3643 δέ
752 3565 808 3656 την
830 3563 912 3678 ἱερεέν
939 3599 976 3643 τε
1003 3568 1058 3643 καὶ
1083 3563 1256 3680 εὐρύχορον
1283 3567 1394 3664 Σάμον
1420 3567 1502 3661 iter

570 3687 688 3767 θύννον
715 3684 927 3783 ἁλισκέμενον
954 3690 1081 3791 σπουῶζ
1105 3689 1222 3785 μέγαν,
1247 3685 1280 3770 έν
1307 3694 1476 3773 καλέουσιν

571 3809 683 3927 έρκυύ,
710 3813 804 3892 ἄλλοι
830 3814 862 3892 δ’
891 3809 933 3892 αὖ
957 3820 1061 3906 κῆτος.
1100 3812 1217 3894 τούτου
1244 3816 1277 3893 δέ
1301 3821 1394 3898 θεοῖς
1419 3815 1487 3928 χρη

571 3937 721 4031 ὀψωνεῖν.
761 3933 920 4051 ἅπρέπει
945 3936 1078 4035 ταχέως
1094 3940 1161 4017 ’καὶ
1185 3939 1230 4033 μὴ
1258 3942 1330 4050 περὶ
1354 3946 1456 4033 τιμῆς.

264 4072 308 4144 In
334 4069 391 4142 his
419 4066 520 4170 quod
549 4064 595 4140 de
621 4070 727 4142 variis
753 4067 884 4171 thynni
910 4068 1120 4142 nominibus
1146 4066 1249 4159 dixit,
1278 4067 1480 4142 illustratur
1505 4066 1659 4142 Sostrati
1693 4084 1843 4142 annota-

265 4199 366 4271 tione
392 4191 490 4294 apud
517 4190 654 4264 Athen.
684 4219 723 4293 p.
741 4200 813 4264 303
829 4193 867 4264 b.
899 4195 963 4293 qui
988 4191 1223 4294 pelamydem
1250 4186 1347 4281 μείζω
1374 4185 1542 4281 γενομένην
1568 4190 1748 4294 thynnum
1780 4219 1843 4294 ap-

265 4318 396 4422 pellari
417 4315 517 4406 dicit,
547 4306 594 4388 έτι
615 4308 648 4386 ii
667 4310 797 4404 μείζονα
822 4306 961 4421 ὄρκυνον,
988 4304 1265 4422 ὑπερβαλλόντως
1291 4310 1324 4387 δέ
1349 4308 1563 4416 αὐξανόμενον
1594 4311 1755 4402 γίνεσθαι
1786 4317 1843 4402 κῆ-

264 4471 326 4517 τος.
370 4441 490 4515 Versu
515 4442 624 4513 tertio
651 4434 769 4545 ipnvva
800 4437 1032 4513 scribendum
1060 4464 1138 4512 esse
1163 4465 1234 4540 pro
1262 4436 1362 4513 edito
1389 4431 1504 4545 έρκυν,
1541 4442 1667 4511 monui
1694 4437 1803 4541 Spec.
1826 4440 1845 4513 1

265 4592 304 4665 p.
323 4567 384 4636 26.
415 4563 655 4665 Sequentium
670 4579 791 4643 autem
804 4564 1002 4638 verborum
1018 4586 1140 4663 neque
1155 4575 1372 4637 structuram
1389 4586 1511 4664 neque
1524 4567 1740 4636 sententiam
1759 4588 1842 4663 per·

265 4689 394 4790 spicio.
436 4684 551 4760 Recte
579 4684 868 4788 quidemst.
912 4685 1050 4761 Coraes
1081 4679 1124 4774 μή
1158 4682 1229 4794 περὶ
1260 4689 1353 4778 τιμῆς
1387 4683 1621 4760 scribendum
1648 4685 1839 4776 intellexit,
