4492 5686
1113 267 1137 338 b

329 542 497 630 apertum
529 540 584 599 est
615 526 836 627 interposito
869 521 1024 596 articulo
1057 518 1293 597 scribendum
1325 547 1404 597 esse
1429 515 1449 610 οἳ
1476 526 1491 595 5
1515 517 1706 618 Βυζάντιος,
1741 526 1917 627 quemad·

328 652 481 727 modum
514 668 569 726 est
593 650 701 742 XIII,
736 679 776 753 p.
789 654 877 724 595.
894 675 928 724 e.
964 651 979 721 5
1005 644 1059 722 τδν
1086 650 1213 737 Ἀγῆνα
1242 643 1280 721 τδ
1305 644 1482 757 σατυρικδν
1513 644 1687 757 δραμάτιον
1719 647 1917 760 ‘rep-japsis,

329 772 406 888 ὅπερ
437 774 564 879 ἐδίδαξε
589 772 765 850 Διονυσίων
797 769 895 850 ὄντων
925 772 978 848 ἐπὶ
1006 777 1065 848 τοῦ
1088 768 1259 848 Ὑδάσπου
1292 777 1350 848 τοῦ
1387 778 1550 866 ποταμοῦ,
1584 773 1648 850 εἴτε
1677 771 1805 852 Πίθων
1835 771 1871 865 ἦν
1903 783 1918 851 5

328 911 511 982 Καταναῖος
540 895 560 991 ἦ
589 908 604 977 5
635 896 812 996 Βυζάντιος
840 893 860 989 ἢ
893 899 947 976 καί
978 897 1075 979 αὐτὸς
1107 904 1122 974 5
1152 891 1329 982 βασιλεύς.
1382 901 1463 977 cfr.
1491 928 1532 1005 p.
1545 907 1618 977 586
1633 904 1662 977 f.
1698 901 1761 977 εἴτε
1792 899 1918 978 Πύθων

330 1030 415 1107 ἐστίν
442 1035 457 1104 5
483 1022 705 1117 Καταναῖοςῆ
731 1024 827 1105 αὐτὸς
853 1032 867 1100 5
891 1019 1059 1109 βασιλεῦς
1083 1023 1315 1134 Ἁλέξανδρον,
1349 1030 1416 1102 ubi
1447 1046 1534 1132 post
1566 1032 1582 1100 5
1613 1037 1797 1108 Καταναῖοι·
1822 1037 1919 1107 exci-

329 1159 426 1234 disse
453 1158 598 1233 videtur
627 1148 647 1243 A
680 1160 695 1229 5
724 1148 909 1248 Βυζάντιος.
960 1156 1156 1258 Inscriptio
1188 1155 1297 1230 huius
1328 1155 1476 1230 fabulae
1507 1182 1585 1258 quo
1616 1163 1834 1259 spectaverit
1863 1163 1918 1233 in·

331 1303 472 1361 certum
509 1301 575 1359 est.
631 1280 979 1383 Schweighaeusero
1016 1286 1115 1355 enim
1151 1286 1274 1386 ipsum
1307 1282 1559 1358 Alexandrum
1594 1284 1731 1384 Agenis
1767 1290 1918 1360 nomine

330 1411 524 1514 significari
550 1412 749 1511 suspicanti
773 1434 905 1511 parum
930 1407 1027 1483 iavet
1053 1409 1296 1511 fragmentum
1323 1411 1369 1483 ab
1395 1410 1590 1484 Athenaeo
1606 1410 1715 1502 XIII,
1735 1437 1775 1514 p.
1788 1415 1861 1484 596
1874 1414 1915 1486 b.

330 1554 526 1627 serratum,
554 1538 621 1609 ubi
646 1536 829 1638 Harpalus
855 1561 933 1610 non
959 1539 1141 1610 minorem
1166 1536 1342 1611 frumenti
1368 1541 1516 1639 copiam
1537 1536 1825 1611 Atheniensibus
1850 1537 1918 1611 do·

331 1668 470 1739 navisse
503 1662 637 1737 dicitur
669 1688 780 1765 quam
805 1664 923 1764 Agen,
960 1660 1062 1763 quod
1095 1661 1142 1736 de
1168 1662 1381 1738 Alexandro
1413 1663 1519 1736 nullo
1544 1681 1655 1765 pacto
1682 1662 1755 1738 dici
1780 1668 1916 1766 potuit.

329 1790 480 1865 Nomen
501 1778 614 1881 Ἆγίν,
645 1814 689 1862 ex
714 1788 789 1862 hoc
814 1793 896 1890 ipso
922 1791 1061 1889 opinor
1086 1787 1249 1864 dramate
1276 1792 1323 1864 ab
1348 1787 1509 1864 Arcadio
1535 1817 1575 1891 p.
1588 1799 1625 1881 8,
1649 1794 1707 1864 19.
1737 1815 1918 1865 memora·

332 1936 424 2008 tum,
454 1942 498 1990 ex
525 1942 655 1990 eorum
679 1919 872 1989 nominum
897 1940 1030 2016 genere
1057 1932 1125 2006 est,
1161 1914 1208 1989 de
1242 1918 1378 2019 quibus
1403 1915 1616 1991 Lobeckius
1641 1915 1762 1991 Paral.
1791 1945 1831 2019 p.
1849 1922 1915 1991 191

332 2072 417 2147 sqq.
446 2042 629 2133 disseruit,
659 2043 794 2145 quibus
819 2041 905 2117 vide
931 2068 977 2115 an
1004 2039 1215 2116 addendum
1231 2046 1277 2116 sit
1295 2067 1373 2117 non
1391 2043 1529 2118 lectum
1554 2069 1641 2117 sane
1667 2043 1754 2118 alias
1780 2070 1919 2118 nomen

332 2168 462 2262 term
488 2194 555 2243 seu
579 2160 724 2260 λεσχιίν,
755 2167 857 2269 quod
876 2169 1028 2242 Timoni
1044 2167 1207 2243 Phliasio
1228 2166 1494 2244 restituendum
1520 2175 1687 2273 suspicor
1712 2169 1811 2272 apud
1827 2171 1920 2244 Dio

334 2322 416 2398 gen.
445 2296 570 2371 Laert.
598 2294 669 2385 IX,
688 2300 749 2367 40.

692 2413 767 2489 oio
792 2406 995 2523 Δημίκριτίν
1020 2447 1057 2490 τε
1083 2418 1260 2525 περίφρονα
1285 2416 1421 2510 ποιμένα
1442 2415 1563 2511 μόθων

691 2537 847 2637 ἀμφίνοον
871 2535 1013 2634 λέσχην,
1039 2530 1060 2613 ii
1086 2537 1172 2631 μετὰ
1197 2536 1371 2648 πραίτοισιν
1396 2539 1546 2631 ἀνέγνων.

338 2672 478 2747 Vereor
510 2672 609 2744 enirn
641 2684 683 2742 ut
713 2669 865 2769 probari
895 2671 1039 2770 possint
1069 2692 1165 2769 quae
1197 2665 1243 2740 dc
1285 2666 1342 2741 his
1372 2671 1538 2742 versibus
1569 2673 1714 2772 scripsit
1737 2672 1921 2773 Augustus

335 2796 558 2872 Mullachius
585 2793 739 2889 Quaest.
768 2794 974 2868 Democrit.
1003 2793 1042 2866 Π
1059 2801 1150 2896 p.3.
1180 2797 1245 2895 qui
1262 2793 1461 2868 Timonem
1478 2787 1644 2893 ἅμφινίων
1666 2798 1805 2888 aergo
1832 2802 1919 2873 scri·

335 2929 451 3029 psisse
477 2927 681 3025 suspicatur
706 2920 776 2995 hac
801 2925 1001 2995 sententia:
1036 2918 1193 3014 Qualis
1220 2921 1308 2995 init
1335 2919 1548 2996 cordatus
1574 2922 1658 2997 ille
1683 2923 1918 2998 Democri·

334 3069 425 3144 tus,
457 3065 612 3125 auctor
634 3050 875 3125 verborum
893 3045 1215 3149 dictorumque
1231 3046 1505 3150 prudentiae
1522 3048 1780 3150 plenorum,
1811 3077 1920 3152 quae

335 3180 546 3280 inprimis
576 3175 797 3249 lectitavi.
851 3171 946 3247 Mihi
975 3190 1087 3275 poeta
1113 3168 1268 3272 ἀμφίνοον
1291 3175 1446 3266 λεσχῆνα
1472 3168 1557 3256 μετὰ
1581 3167 1757 3284 πρώτοισιν
1782 3171 1921 3266 ἀνέγνων

336 3306 523 3405 scripsisse
548 3298 706 3391 videtur,
735 3302 761 3372 i.
780 3324 814 3372 c.
843 3298 1054 3373 subtilem
1081 3298 1421 3401 disputatorem.
1463 3301 1562 3373 Eum
1586 3305 1696 3402 igitur
1720 3306 1758 3376 in
1784 3307 1919 3405 princi·

337 3431 447 3532 pibus
479 3452 558 3501 sese
590 3428 668 3500 eius
699 3424 1011 3527 philosophorum
1043 3428 1194 3527 agminis
1225 3423 1328 3527 quod
1355 3422 1529 3500 describit
1555 3432 1788 3529 conspexisse
1814 3427 1918 3503 dixit.

336 3554 471 3657 Neque
498 3557 597 3627 enim
623 3551 754 3626 dubito
782 3555 872 3653 quin
898 3548 990 3625 iliud
1009 3551 1178 3626 Timonis
1204 3552 1447 3653 fragmentum
1474 3577 1519 3626 ex
1545 3576 1587 3626 ea
1611 3551 1789 3627 Siliorum
1816 3572 1921 3657 parte

336 3685 494 3785 petitum
520 3684 579 3771 sit,
616 3706 728 3781 quam
758 3677 804 3751 ad
830 3678 1049 3752 Homericae
1079 3674 1217 3755 Νεανίας
1248 3678 1406 3751 formam
1436 3681 1637 3752 institutam
1667 3678 1778 3754 fuisse
1804 3686 1921 3784 suspi-

338 3835 424 3899 cor,
458 3812 518 3882 cui
543 3812 777 3881 coniecturae
801 3820 948 3907 praeter
973 3804 1042 3879 alia
1071 3803 1185 3878 fidem
1215 3805 1356 3879 iaciunt
1386 3830 1481 3906 quae
1506 3804 1680 3908 leguntur
1704 3805 1801 3909 apud
1826 3807 1919 3880 Dio·

339 3958 468 4033 genem
494 3933 619 4008 Laert.
649 3932 733 4024 VII,
756 3936 814 4006 15.
844 3929 892 4005 de
918 3933 1071 4006 Zenone
1098 3931 1272 4007 Citiensi:

644 4054 707 4128 Καὶ
732 4053 905 4131 Φοίνισσαν
931 4053 1000 4130 ίδον
1025 4050 1227 4166 λιχνίγραυν
1254 4058 1372 4165 σκιερῷ
1397 4052 1460 4130 ὑπὸ
1485 4048 1579 4153 τιίφῳ

645 4175 775 4256 πάντων
800 4179 983 4291 ἱμείρουσαν
1008 4227 1053 4243 -

340 4327 377 4384 et
404 4335 498 4411 quae
525 4306 571 4383 de
597 4308 781 4382 Archelao
807 4306 906 4381 idem
931 4308 1044 4383 habet
1068 4308 1255 4411 Diogenes
1280 4309 1346 4400 IV,
1368 4316 1430 4384 42.

638 4424 702 4511 Ὣς
728 4427 824 4506 simis
853 4425 968 4526 ίχλοιο
994 4431 1186 4543 περίστασιν
1213 4430 1446 4508 εἰσκατέδυνεν.

530 4548 537 4559 ’
647 4565 675 4631 οἱ
699 4553 734 4632 δι’
757 4588 810 4651 μιν
835 4550 913 4646 neira
933 4555 1069 4648 γλαῦκα
1093 4553 1165 4667 πέρι
1191 4556 1307 4651 σπίζαι
1335 4561 1524 4669 τερατοῦντο

646 4679 806 4775 ἠλέματον
830 4677 1014 4763 δεικνύντος.

342 4814 489 4909 Quibus
514 4810 610 4888 adde
637 4838 733 4915 quac
757 4813 946 4916 Diogenes
972 4811 1018 4888 de
1044 4812 1202 4890 Platone
1227 4817 1383 4890 servavit
1405 4813 1476 4905 III,
1493 4813 1529 4888 7.
