4492 5686
1194 217 1245 288 26

432 493 542 579 quot
570 475 705 548 Darii
736 473 931 563 fuerant,
966 469 1216 547 Alexandri
1246 475 1408 574 regiam
1442 472 1710 575 implebant.
1769 475 1830 550 De
1868 476 2016 552 solenni

429 624 587 674 numero
607 597 783 674 CCCLX
801 595 887 673 vide
904 597 1001 670 Hist.
1022 596 1134 671 Com.
1155 622 1274 698 graec.
1295 624 1336 700 p.
1353 605 1443 669 310.

570 722 666 796 XIII
684 750 725 826 p.
742 725 810 796 561
830 724 871 795 h.
898 721 958 795 De
983 722 1131 795 Amoris
1151 725 1188 796 ri
1207 719 1389 794 disserens
1415 724 1512 794 inter
1536 720 1608 795 alia
1634 739 1828 824 poetarum
1851 726 2015 797 testimo·

430 850 491 921 nia
515 846 590 922 hoe
612 845 801 949 EurIpidis
826 850 1020 948 apposuit:

788 964 839 1048 Σὺ
868 965 902 1040 d'
930 959 957 1040 ὦ
981 959 1114 1076 τύραννε
1136 965 1228 1041 θεῶν
1253 996 1292 1042 τε
1318 959 1528 1076 κάνθρώπων
1547 962 1653 1077 Ἔρως

788 1083 873 1181 sipi
900 1086 1037 1165 δίδασκε
1061 1087 1105 1164 τὰ
1131 1087 1222 1164 καλὰ
1246 1088 1431 1188 φαίνεσθαι
1456 1086 1559 1175 καλά,

790 1205 810 1299 ἢ
836 1220 903 1291 τοῖς
927 1216 1053 1323 ἐρῶσιν,
1079 1210 1120 1286 ὧν
1146 1213 1191 1289 σὺ
1212 1210 1402 1324 δημιουργὲ
1428 1210 1463 1287 εἷ

789 1337 971 1430 μοχθοῦσι
996 1332 1168 1430 μέχθσυς,
1194 1341 1345 1432 εὐτυχῶς
1370 1330 1577 1412 ostentmst·

432 1465 501 1539 His
525 1465 703 1556 versibus,
738 1488 833 1564 quos
862 1466 900 1535 in
931 1461 1168 1536 Andromeda
1201 1469 1344 1565 positos
1376 1462 1487 1538 suisse
1519 1489 1564 1537 ex
1590 1462 1757 1537 Luciano
1784 1480 1940 1556 constat,
1969 1469 2017 1539 si·

433 1587 579 1662 millimi
611 1602 696 1661 sunt
730 1612 825 1687 quos
855 1612 931 1659 non
957 1584 1084 1660 addito
1109 1586 1255 1662 fabulae
1279 1587 1390 1661 titulo
1416 1613 1462 1662 ex
1486 1587 1665 1689 EuripIde
1690 1588 1811 1663 attulit
1837 1587 2018 1662 Stobaeus

433 1710 535 1786 Flor.
557 1715 621 1803 64,
643 1714 680 1783 6.

586 1828 637 1913 zd
665 1829 698 1904 δ’
722 1822 748 1905 ὦ
773 1825 914 1906 κάκιστε
939 1833 1151 1932 (Dobraeus
1178 1833 1352 1941 κράτιστε)
1376 1833 1469 1907 θεῶν
1493 1863 1532 1908 τε
1557 1837 1586 1908 κ’
1588 1827 1776 1943 ανθρώπων
1794 1828 1910 1942 Ἔρως,

587 1948 607 2043 ἢ
632 1952 677 2047 μὴ
700 1951 835 2030 δίδασκε
860 1951 905 2029 sd
931 1949 1023 2029 send
1049 1951 1234 2054 φαίνεσθαι
1260 1952 1360 2040 καλά,

525 2168 531 2177 ι
587 2069 607 2164 ἢ
632 2085 699 2156 τοῖς
723 2075 837 2188 ἐρῶσιν
864 2075 993 2170 εὐμενὴς
1019 2075 1219 2187 παρίστατο.

432 2206 487 2280 At
507 2203 548 2277 hi
572 2229 649 2278 non
675 2202 863 2306 Euripidis
888 2201 952 2277 sed
980 2205 1026 2276 ab
1054 2205 1126 2277 alio
1152 2219 1276 2306 poeta,
1306 2203 1459 2278 sortasse
1479 2207 1637 2295 comico,
1665 2230 1713 2278 ex
1735 2203 1945 2307 Euripideis
1964 2204 2018 2277 le·

434 2333 530 2405 viter
550 2325 686 2403 detorti
705 2325 878 2402 videntur
894 2322 1111 2402 Matthiaeh.
1165 2328 1258 2399 Eam
1272 2331 1489 2401 sententiam
1507 2328 1696 2430 amplexus
1716 2345 1770 2402 est
1793 2331 1858 2430 qui
1877 2325 1925 2402 de
1942 2329 2018 2401 An·

437 2449 615 2530 dromeda
647 2449 835 2554 Euripidis
862 2455 1002 2553 optime
1028 2449 1227 2553 disputavit
1256 2449 1476 2526 Fritzschius
1502 2449 1548 2524 ad
1572 2451 1765 2554 Aristoph.
1795 2451 1948 2527 Thesm.
1976 2478 2016 2554 p.

439 2577 525 2663 507,
545 2601 565 2648 a
585 2577 717 2650 iuvene
736 2576 945 2676 improbam
968 2579 1197 2648 meretricem
1218 2571 1430 2674 deperiente
1448 2574 1512 2647 illa
1537 2572 1634 2649 dicta
1660 2576 1772 2650 fuisse
1798 2579 2016 2650 existimans.

437 2701 519 2801 Ego
545 2724 634 2775 vero
660 2723 738 2771 uon
758 2695 868 2773 video
891 2723 966 2799 quo
987 2713 1097 2799 pacto
1118 2697 1250 2798 aliquis
1268 2700 1411 2799 precari
1431 2700 1566 2800 possit:
1596 2713 1671 2771 aut
1696 2723 1751 2771 ne
1777 2724 1883 2800 coge
1910 2715 2019 2800 quae

437 2823 645 2926 improba
671 2837 777 2895 sunt
803 2819 948 2895 videri
974 2821 1133 2922 proha,
1164 2839 1239 2897 aut
1262 2822 1515 2896 amantibus
1540 2821 1653 2895 fave!
1690 2820 1797 2915 Quae
1822 2846 1954 2897 vereor
1978 2836 2020 2893 ut

437 2964 523 3052 apta
548 2950 594 3022 sit
619 2949 882 3021 sententiarum
910 2948 1112 3047 oppositio.
1166 2944 1262 3020 Nam
1289 2974 1361 3049 qua
1385 2943 1535 3020 tandem
1557 2950 1595 3019 in
1619 2971 1659 3018 re
1683 2946 1830 3019 Amoris
1855 2944 2020 3019 favorem

437 3074 539 3146 cerni
572 3068 752 3163 dicamus,
786 3072 817 3142 si
848 3070 1019 3171 improba
1050 3094 1171 3143 amare
1202 3096 1272 3145 nos
1304 3072 1422 3144 Amor
1453 3067 1645 3143 docuerit?
1675 3094 1723 3143 an
1752 3085 1795 3144 ut
1824 3071 1864 3141 in
1888 3071 2021 3142 mentis

432 3219 564 3268 errore
590 3191 889 3296 perseveremus?
914 3191 1130 3266 Rectissime
1154 3197 1265 3293 igitur
1290 3193 1423 3267 Arsen.
1451 3210 1488 3267 et
1514 3191 1598 3267 cod.
1619 3191 1650 3265 B
1673 3219 1743 3293 pro
1768 3186 1860 3266 καλὰ
1883 3192 2022 3267 hahent

439 3309 543 3407 καλά,
574 3332 614 3388 ut
642 3316 778 3417 legitur
806 3310 903 3415 apud
930 3313 1176 3387 Athenaeum.
1229 3317 1308 3387 Iam
1328 3315 1481 3400 sublata,
1500 3342 1609 3415 quam
1630 3314 1849 3390 Matthiaeus
1868 3318 1937 3388 sibi
1957 3313 2020 3389 de·

433 3435 678 3545 prehendisse
703 3435 910 3529 videbatur,
944 3435 1116 3540 parodia‚
1146 3437 1341 3512 conficitur
1365 3464 1489 3513 versus
1516 3465 1538 3511 a
1561 3435 1724 3512 Stobaeo
1751 3456 1912 3513 servatos
1939 3465 2020 3513 eos·

440 3565 524 3641 dem
552 3589 629 3638 esse
657 3588 751 3665 quos
777 3561 899 3635 attulit
923 3561 1147 3651 Athenaeus,
1185 3567 1249 3664 qui
1281 3559 1382 3663 quod
1411 3588 1474 3636 eos
1501 3566 1634 3665 partim
1665 3566 1839 3666 integrius
1871 3581 1908 3638 et
1939 3563 2019 3665 ple·

439 3693 521 3763 nius
547 3693 702 3789 scriptos
735 3685 857 3760 attulit
891 3712 1001 3786 quam
1034 3685 1206 3786 leguntur
1237 3685 1337 3789 apud
1365 3685 1580 3777 Stobaeum,
1610 3692 1718 3761 etiam
1744 3693 1784 3760 iu
1809 3687 1887 3761 aliis
1913 3688 2019 3761 Euri·

439 3812 536 3916 pidis
562 3812 771 3912 fragmentis
799 3807 980 3884 Stobaeus
1007 3813 1115 3883 miras
1140 3809 1252 3884 habet
1277 3810 1478 3884 lectionum
1504 3812 1550 3883 ab
1578 3811 1656 3885 aliis
1683 3809 1960 3910 diIIerentias*).

432 4228 436 4235 ·
489 4193 519 4273 *)
549 4194 593 4252 Ex
614 4191 711 4251 multis
732 4203 764 4251 nt
785 4214 872 4252 unum
894 4195 1055 4274 exemplum
1077 4195 1206 4275 afferam,
1226 4195 1297 4257 mihi
1318 4218 1378 4256 non
1400 4196 1586 4256 dubitandum
1606 4197 1722 4259 videtur
1742 4198 1813 4279 quin
1833 4199 1941 4279 primus
1962 4199 2020 4260 sra-

440 4294 551 4377 gmcnti
574 4315 589 4353 e
613 4292 765 4376 Meleagro
794 4290 888 4351 fabula
909 4314 925 4352 a
945 4292 1073 4356 Stobaeo
1098 4295 1123 4356 F
1125 4296 1180 4357 lor.
1200 4293 1311 4372 CXIX,
1332 4296 1351 4354 9
1377 4296 1484 4358 servati
1504 4319 1614 4374 versus,
1640 4295 1753 4383 τερπνὸν
1778 4291 1809 4358 τὸ
1830 4302 1893 4375 φῶς
1912 4321 1968 4367 μοι,
1988 4296 2019 4357 τὸ

442 4391 472 4453 δ’
495 4389 549 4450 ὑπὸ
571 4397 626 4470 «γῆν
647 4386 718 4468 ᾅδου
742 4383 854 4460 σκότος,
875 4392 953 4452 idem
973 4393 1012 4454 sit
1032 4417 1118 4475 quem
1129 4396 1225 4474 ,affert
1244 4397 1372 4478 Etymol.
1394 4398 1435 4457 M.
1451 4420 1480 4479 p.
1495 4397 1566 4474 803,
1580 4398 1630 4458 36.
1652 4403 1701 4477 φρῖ
1720 4391 1781 4455 ἀντὶ
1800 4401 1853 4456 τοῦ
1872 4392 1950 4474 φωτί
1968 4395 2021 4457 cdv

441 4498 482 4570 τῷ
507 4493 532 4550 ι’.
552 4487 702 4575 Εὐριπίδης
728 4486 886 4577 Μελεάγρῳ
913 4489 963 4561 „ro”
985 4484 1033 4565 μὲν
1061 4495 1131 4578 (leg.
1152 4493 1182 4556 τό
1200 4493 1327 4581 τερπνὸν)
1353 4498 1381 4555 ἐν
1402 4502 1461 4576 opi,
1481 4494 1512 4555 ad
1535 4487 1566 4556 δὲ
1586 4491 1663 4557 κάτω
1685 4489 1786 4560 σκᾶτος
1806 4490 1928 4557 κακᾶν”.
1970 4500 2021 4559 Sic

442 4594 531 4677 Igitur
551 4590 736 4652 scribendum
756 4593 885 4654 videtur:
906 4589 945 4650 Τό
960 4590 1074 4679 sapaudo
1089 4596 1117 4654 ἐν
1138 4601 1196 4674 pipi,
1216 4594 1247 4656 τό
1270 4588 1300 4655 δὲ
1321 4590 1399 4656 κάτω
1421 4591 1522 4661 σκότος
1539 4591 1637 4667 κακᾶν,
1658 4593 1722 4657 οὐδ’
1737 4599 1775 4660 εἷς
1789 4588 1865 4682 dveap’
1881 4591 1972 4664 midde
1985 4591 2023 4659 ἆκ

442 4685 594 4778 ἅνθρωπος
614 4687 707 4762 μέλοι·
728 4688 785 4769 ἐγὼ
807 4683 855 4760 μὲν
877 4683 925 4753 οὖν
946 4699 1069 4772 γεγῶτα
1088 4689 1218 4770 τηλικῆδ’
1240 4692 1314 4770 ipos
1334 4689 1473 4758 doe'nrvo’
1495 4695 1564 4759 αὐτό
1584 4689 1696 4760 κοῦποτ’
1718 4689 1845 4779 εὔχομαι
1864 4697 1974 4760 θανεῖν.
