4492 5686
588 902 1119 997 PHILOLOGICARUM
1146 903 1667 1000 EXERCITATIONUM

1100 1140 1149 1205 IN
1350 1166 1352 1170 ’

430 1294 910 1445 ΑΤΗΕΝΑΕΙ
962 1318 1822 1446 DEIPNOSOPHISTAS

842 1579 1101 1648 SPECIMEN
1123 1577 1414 1646 SECUNDUM.

475 1982 613 2056 Athen.
641 1983 661 2055 I
678 2010 717 2084 p.
736 1989 757 2055 1
777 1985 817 2057 b.
861 1981 1041 2059 Charmus
1060 1982 1320 2086 Syracusanus,
1340 1981 1539 2084 siquando
1560 1984 1724 2086 epulanti
1745 1987 1916 2063 minutuli

334 2109 452 2207 pisces
465 2123 751 2208 apponerentur,
774 2106 896 2181 dicere
927 2106 1071 2182 solebat
1089 2108 1147 2179 ὀνκ
1165 2107 1226 2178 ἀπ’
1241 2108 1318 2196 ἐμοῦ
1332 2099 1506 2183 σκεδάσεις
1518 2097 1634 2198 ixion
1651 2106 1696 2181 ad
1713 2135 1806 2209 quae
1820 2110 1914 2184 Din-

264 2223 265 2226 '
335 2226 473 2303 dorfius
506 2234 674 2317 „nescio“
699 2233 819 2332 inquit
845 2236 943 2332 „quo
970 2247 1119 2304 auctore
1134 2229 1373 2304 Casaubonus
1394 2230 1548 2303 Homeri
1568 2255 1711 2304 versum
1737 2230 1834 2306 dicat
1857 2234 1915 2306 iux

334 2353 395 2424 ἀπ’
421 2353 500 2442 ἐμοῦ
525 2343 699 2427 σκεδάσεις
726 2345 828 2443 ὄχλον
854 2348 1035 2459 ταλαπείριε
1060 2343 1217 2459 πρίσβν;
1245 2355 1409 2454 quinon
1436 2369 1491 2426 est
1516 2352 1778 2431 Homericus.‘.‘
1818 2354 1914 2431 Sane

333 2474 468 2549 fefellit
499 2475 760 2550 Cassubonum
792 2479 990 2567 memoria;
1028 2492 1064 2549 at
1096 2475 1233 2576 legerat
1263 2475 1368 2548 illum
1401 2503 1547 2550 versum
1580 2475 1677 2578 apud
1708 2476 1914 2579 Diogenem

331 2599 456 2674 Laert.
472 2599 510 2672 Π
540 2600 624 2671 117.
652 2600 718 2671 ubi
743 2599 812 2671 Bio
839 2598 1110 2701 Borysthenita,
1138 2598 1253 2672 homo
1280 2597 1538 2690 dicacissimus,
1568 2624 1615 2673 eo
1639 2626 1725 2675 usus
1751 2627 1830 2677 esse
1860 2601 1914 2677 di·

334 2728 427 2798 citur
446 2718 620 2830 ἐρωτηθείς
640 2725 668 2792 εἰ
684 2718 760 2793 θεοί
784 2718 870 2795 εἰσίν.
910 2720 1066 2797 Videtur
1084 2723 1212 2825 cyclici
1229 2739 1362 2824 poetae
1380 2749 1504 2797 versus
1526 2748 1614 2804 esse,
1633 2727 1769 2824 pariter
1788 2744 1831 2801 ut
1851 2726 1914 2803 ille

331 2873 409 2947 quo
435 2845 534 2923 idem
559 2845 747 2946 Diogenes
760 2845 832 2919 VH
862 2848 930 2915 163
959 2849 1086 2918 utitur:
1116 2841 1164 2920 τίς
1190 2838 1224 2915 δέ
1248 2846 1279 2917 σ’
1298 2836 1507 2940 {mousom
1534 2842 1582 2920 τίς
1602 2842 1753 2940 ἀφείλετο
1774 2842 1912 2938 λαμπά-

333 2964 386 3046 δος
409 2962 534 3058 αὐγάς
563 2994 672 3070 quem
700 2965 918 3045 Welckerus
945 2965 991 3039 ad
1016 2965 1156 3040 Cratini
1179 2961 1358 3043 Ὀδισσεῖς
1383 2965 1577 3040 rescrebat.

470 3092 583 3194 Ip.6
598 3118 632 3163 o.
676 3089 897 3165 Clearchus:
939 3081 1128 3166 Μελάνθιος
1154 3085 1186 3164 δὲ
1203 3091 1267 3162 τῶν
1286 3081 1500 3179 ἀπολαύσεων
1525 3091 1601 3196 ἐρῶν
1625 3081 1747 3192 ηὔξατο
1771 3094 1827 3179 σῆς
1849 3123 1913 3184 μα.

333 3207 514 3324 κραύχενος
536 3206 664 3322 άρνιθος
689 3207 743 3286 cdv
769 3204 935 3321 τράχηλον
962 3206 1063 3306 ἔχειν,
1088 3209 1129 3285 ἵν’
1156 3204 1203 3287 δτι
1228 3218 1382 3287 πλεῖστον
1410 3218 1475 3290 σοῖς
1487 3207 1593 3300 ἡδέσιν
1614 3206 1808 3324 ἐνδιατρίβῃ.
1853 3219 1913 3295 De

330 3340 537 3415 Melanthio
565 3335 692 3411 eadem
718 3336 858 3411 rettulit
882 3335 1037 3412 Photius
1063 3339 1183 3438 Epist.
1202 3346 1263 3411 88.
1286 3339 1397 3434 (Hist.
1421 3365 1518 3412 com.
1542 3366 1581 3440 p.
1594 3343 1693 3440 205.)
1717 3340 1761 3415 ad
1782 3340 1913 3418 Sarda·

332 3463 520 3566 napallum
552 3461 724 3535 translata
756 3475 884 3535 sunta
913 3459 1049 3534 Cosma
1085 3459 1130 3531 ad
1160 3459 1380 3559 Gregorium
1411 3464 1450 3532 in
1475 3461 1565 3533 Maii
1591 3461 1720 3562 Spicil.
1749 3463 1914 3541 Rom.I[

331 3614 371 3688 p.
391 3589 476 3659 255.
494 3588 581 3658 515.
632 3584 846 3683 Sequuntur
872 3579 969 3683 apud
996 3580 1226 3655 Athenaeum
1247 3582 1318 3656 litt.
1349 3579 1386 3657 d.
1416 3583 1625 3657 Aristotelis
1650 3587 1783 3660 verba:
1814 3583 1912 3679 δημη-

331 3708 500 3816 γοροῦντες
523 3710 554 3779 ἓν
580 3709 647 3782 τοῖς
670 3698 785 3796 ὄχλοις
812 3696 1071 3813 κατατρίβουσιν
1092 3694 1164 3790 ’άλην
1190 3699 1247 3791 τήν
1268 3699 1386 3813 ἡμέραν
1405 3706 1436 3778 ἓν
1464 3712 1531 3783 σοῖς
1549 3699 1721 3797 θαύμασι,
1753 3707 1808 3782 καί
1835 3707 1913 3819 πρδς

332 3827 406 3908 σούς
430 3834 469 3904 ἐκ
495 3830 553 3903 σοῖν
584 3820 724 3905 Φάσιδος
747 3817 767 3915 il
792 3823 1016 3936 Βορυσθένους
1041 3824 1298 3906 καταπλέοντας.
1342 3830 1388 3904 In
1420 3830 1476 3903 his
1503 3834 1663 3932 primum
1688 3832 1746 3917 τῆς
1772 3825 1912 3915 Φάσιδος

331 3953 565 4032 scribendum
591 3979 611 4027 e
638 3951 723 4025 cod.
751 3953 795 4025 B.
822 3952 948 4027 Phasis
966 3957 1064 4027 enim
1085 3970 1122 4027 et
1140 3951 1386 4056 Borysthenes
1404 3950 1477 4026 hoc
1497 3953 1582 4027 loco
1602 3981 1680 4035 non
1698 3954 1909 4052 fluviorum,

331 4079 396 4156 sed
421 4081 569 4153 urbium
595 4093 681 4151 sunt
704 4080 866 4149 nomina.
909 4067 1076 4167 Θαύμαεα
1101 4093 1221 4152 autem
1252 4103 1328 4150 non
1355 4075 1400 4150 de
1430 4081 1631 4180 praestigiis
1657 4080 1907 4183 intelligenda,

331 4201 395 4278 sed
412 4201 459 4277 de
478 4202 564 4276 loco
585 4205 624 4274 in
646 4227 721 4302 quo
742 4204 1048 4301 praestigiatores,
1069 4200 1273 4302 mimologi,
1302 4218 1562 4304 neurospastae
1583 4202 1717 4304 aliique
1740 4202 1778 4275 id
1798 4230 1911 4305 genus

329 4327 500 4403 homines
519 4341 614 4399 artes
634 4350 715 4398 suas
734 4329 896 4427 stupenti
915 4324 1133 4425 plebeculae
1153 4324 1388 4400 exhibebant.
1433 4325 1683 4427 Neglexerunt
1704 4352 1781 4400 eam
1801 4332 1910 4432 signi-

328 4450 539 4529 ficationem
564 4449 725 4523 thesauri
747 4447 985 4550 Stephaniani
1009 4447 1167 4523 editores
1191 4453 1300 4524 etiam
1320 4451 1477 4524 aliorum
1496 4453 1715 4551 scriptorum
1734 4455 1911 4556 exemplis

330 4575 621 4675 comprobatam.
662 4574 717 4646 Ita
739 4571 1017 4674 Theophrastus
1044 4572 1157 4648 Char.
1174 4573 1239 4665 Vl,
1258 4583 1294 4649 2:
1323 4577 1353 4646 ἐν
1374 4564 1534 4664 θαύμασι
1553 4567 1629 4649 τούς
1647 4575 1802 4666 χαλκοῦς
1818 4573 1909 4651 ἔκλε’-

331 4724 400 4785 γειν
426 4694 514 4769 καθ’
549 4687 688 4769 ’ἕκαστον
710 4688 849 4805 περιιοίν.
892 4697 1102 4773 Athenaeus
1122 4697 1161 4770 X
1176 4725 1213 4799 p.
1231 4703 1304 4772 452
1322 4699 1349 4772 f.
1377 4701 1409 4770 ἓν
1435 4701 1501 4775 σοῖς
1525 4688 1700 4787 θαύμασιν
1725 4697 1910 4809 ὑπεκρίνετο
