4492 5686
1100 240 1148 309 dd

334 515 411 571 tum
446 492 510 569 scd
545 498 655 568 etiam
688 491 865 598 prodesse
897 493 1086 569 volebant.
1125 494 1182 569 Ac
1216 512 1360 570 constat
1389 495 1571 600 sophistas
1603 517 1640 573 et
1670 499 1916 603 philosophos

335 626 454 697 omnis
479 626 620 724 generis
645 639 775 725 poetas
801 620 958 695 subinde
985 618 1071 695 dici.
1110 621 1338 697 Rhintonem
1353 622 1696 728 phlyacographum
1713 626 1917 730 Hesychius

334 779 363 825 s.
383 779 420 826 τ.
440 744 583 825 άτεκτος
599 750 840 825 Tarentinum
866 747 1134 852 philosophum
1160 749 1336 853 appellat.
1392 750 1506 845 Quod
1532 751 1673 827 addidit
1688 753 1914 845 Athenaeus,

333 876 535 952 Thebanos
560 878 674 950 multa
700 877 929 979 singulariter
954 894 992 950 et
1016 875 1168 978 figurate
1200 876 1346 968 dixisse,
1382 876 1420 951 id
1453 884 1491 952 in
1517 881 1758 982 sequentihus
1784 883 1916 981 insigni

334 1003 517 1079 Strattidis
543 1005 629 1079 loco
656 1007 926 1106 comprobavit,
956 1030 1001 1078 ex
1027 1031 1102 1106 quo
1129 1031 1194 1079 eos
1227 997 1434 1078 ἀπιτὲάτίλα
1458 1005 1505 1080 de
1530 1010 1673 1109 sepia,
1707 1001 1839 1083 σάκτας
1870 1004 1917 1080 de

334 1131 526 1223 medico,
561 1124 704 1208 κωτιλάς
737 1130 784 1205 de
816 1129 1055 1206 hirundine
1086 1149 1123 1206 et
1148 1132 1217 1205 alia
1243 1132 1352 1206 huius
1371 1137 1512 1234 generis
1537 1131 1668 1208 dixisse
1685 1134 1913 1235 intelligitur.

333 1259 401 1333 His
426 1256 513 1332 addi
539 1275 662 1360 potest
686 1251 883 1366 ἀνωδίρκας,
918 1256 965 1331 de
992 1285 1068 1359 quo
1096 1258 1314 1362 Hesychius:
1343 1253 1555 1368 Ἀνωάάριιοα
1585 1251 1739 1368 [ipsimae
1764 1263 1780 1331 ὃ
1805 1254 1916 1352 egeris

332 1382 395 1458 ici
421 1376 589 1471 Θηβαίων.
627 1386 672 1458 In
698 1387 938 1487 sequentibus
962 1384 1174 1459 Athenaeus
1200 1384 1314 1460 Semo
1339 1403 1489 1461 auctore
1521 1386 1568 1461 de
1594 1386 1815 1492 Itbyphallis
1842 1384 1915 1459 dis·

332 1529 456 1615 putat:
486 1513 564 1608 σιγῇ
589 1506 693 1584 &ld
717 1512 775 1584 τοῦ
801 1513 949 1587 πυλῶνος
973 1505 1193 1594 εἰσελθόντες,
1218 1504 1295 1585 ὅταν
1322 1508 1412 1587 κατά
1435 1512 1537 1604 με’σην
1563 1507 1620 1600 τὴν
1644 1507 1832 1623 ὀρχήστραν
1856 1507 1914 1600 γε’·

334 1669 457 1722 νωνται,
480 1633 732 1747 ἐπιστρέφουσιν
757 1643 800 1715 εἷς
823 1632 862 1711 τὸ
877 1633 1029 1746 ,θέατρον
1054 1633 1221 1727 λέγοντες·

776 1758 931 1854 Ἀνάγετ’
956 1758 1097 1853 ἀνάγετε
1121 1758 1256 1845 artisces·
1280 1765 1479 1878 eripuguprhv

783 1921 829 1966 τω
853 1890 926 1986 θεῷ
951 1896 1079 1966 ποιεῖτε

781 2014 879 2093 θέλει
903 2015 970 2129 γάρ
995 2023 1011 2092 ὅ
1036 2015 1119 2098 θεὶς
1142 2016 1245 2129 dehis
1267 2015 1495 2121 ἐσφυδωμένος

783 2142 837 2218 διά
865 2145 969 2238 μέσου
993 2138 1151 2240 [indigen.

331 2279 376 2354 In
401 2276 458 2350 his
485 2267 621 2348 πυλῶνα
647 2271 736 2348 dicit
760 2271 859 2347 haud
887 2272 1000 2349 dubie
1025 2276 1200 2352 conclave
1218 2302 1264 2351 ex
1284 2302 1360 2378 quo
1386 2280 1424 2349 in
1452 2275 1678 2349 orchestram
1704 2273 1822 2349 aditus
1847 2300 1914 2377 pa-

332 2404 445 2489 tebet,
456 2398 770 2476 cuiusinmediam
778 2417 921 2503 partem
932 2429 1045 2503 quum
1053 2406 1237 2476 venissent
1245 2401 1453 2490 histriones,
1464 2400 1508 2476 ad
1519 2419 1741 2504 spectatores
1750 2405 1917 2476 conversi

331 2528 611 2633 ithyphallicum
637 2525 730 2601 illud
757 2529 950 2619 canebant,
980 2532 1083 2601 cuius
1108 2533 1248 2630 primus
1273 2554 1399 2602 versus
1416 2528 1576 2602 inlibris
1602 2533 1652 2602 ita
1671 2532 1826 2632 scriptus
1844 2546 1911 2602 ests

331 2649 472 2743 ἀνάγετε
496 2650 709 2762 εὐρυχωρίαν.
756 2651 902 2746 Quibus
929 2680 1038 2755 quam
1065 2653 1291 2757 Tyrwhittus
1317 2651 1498 2727 medelam
1527 2654 1650 2728 attulit
1675 2649 1812 2742 ἀνάγετ’
1836 2647 1914 2728 ἀνά·

331 2812 409 2873 γετε
430 2783 550 2871 κῶμον,
568 2775 767 2889 εὐρυχωρίαν
789 2824 830 2839 -
854 2806 895 2854 ea
921 2784 1105 2854 immerito
1131 2783 1341 2854 criticorum
1366 2780 1499 2882 plausu
1524 2797 1674 2883 excepta
1701 2798 1774 2855 est:
1804 2771 1915 2868 κάμου

331 2915 443 3004 enim,
472 2913 503 2983 si
530 2905 619 3010 quid
645 2906 770 2999 video,
799 2906 924 2980 nullus
949 2906 1011 2980 hic
1034 2906 1141 2981 locus
1167 2924 1235 2982 est.
1280 2907 1364 2981 Hoc
1390 2924 1513 2982 tamen
1539 2924 1638 2982 recte
1665 2912 1809 2983 monuit
1833 2899 1913 2979 ἀνά·

330 3068 409 3129 γετε
439 3041 497 3112 bis
527 3022 762 3110 scribendum
796 3060 887 3109 esse.
931 3033 1011 3110 cfr.
1039 3035 1169 3136 Eurip.
1199 3033 1343 3109 Phoen.
1378 3039 1487 3109 1369.
1521 3026 1657 3123 ἀνάγετ’
1685 3027 1825 3123 ἀνάγετε
1849 3063 1914 3106 κω-

331 3160 437 3241 κυτάν.
481 3164 619 3266 Scripsi
646 3165 755 3264 igitur
779 3153 911 3250 ἀνάγετ’
937 3152 1077 3250 ἀνάγετε
1101 3154 1231 3244 πάντες,
1256 3162 1477 3254 recedite,
1511 3160 1711 3236 recedite
1744 3187 1910 3237 omnes.

331 3290 526 3368 Consimili
552 3287 666 3361 modo
693 3287 791 3391 apud
810 3287 1095 3390 Aristophanem
1120 3288 1282 3362 Acharn.
1313 3295 1399 3361 239.
1429 3293 1750 3391 appropinquante
1776 3314 1915 3389 pompa

331 3418 465 3493 chorus
493 3413 593 3489 dicit:
629 3409 720 3487 ἀλλά
749 3410 837 3524 δεῦρο
864 3415 930 3490 πᾶς
954 3407 1109 3487 ἐκποδών.
1160 3414 1278 3489 Versu
1311 3417 1420 3489 tertio
1446 3413 1557 3516 vulgo
1582 3413 1715 3516 legitur
1740 3408 1852 3486 ἐθέλει
1877 3430 1914 3488 et

330 3538 569 3656 ἕτφυρωμίνος,
600 3541 701 3645 quod
720 3537 947 3642 ἐσφυδωμένος
972 3540 1207 3617 scribendum
1233 3568 1311 3616 esse
1337 3546 1465 3616 monui
1481 3540 1625 3643 Fragm.
1653 3539 1762 3616 Com.
1791 3566 1911 3643 graec.

329 3675 387 3749 ΙΠ
403 3675 543 3778 phio.
599 3671 658 3745 De
692 3669 1029 3774 phallophororum
1062 3669 1191 3743 habitu
1224 3667 1355 3743 Semns
1388 3669 1416 3742 l.
1436 3668 1464 3742 l.
1499 3669 1591 3743 baec
1624 3671 1786 3772 scripsit:
1824 3674 1852 3740 οἱ
1883 3663 1916 3741 δὲ

331 3793 537 3908 φαλλοφάροι
567 3803 769 3909 προσωπεῖον
795 3791 851 3888 μὲν
879 3799 914 3869 οὐ
939 3785 1167 3886 λαμβάνουσι,
1201 3788 1374 3904 προπάλιον
1401 3790 1434 3868 di
1458 3796 1498 3898 ἐξ
1523 3788 1685 3904 ἑρπύλλου
1711 3791 1914 3904 περιθέμενοι

331 3924 386 4000 καί
409 3922 608 4032 παιδέρωτας
632 3918 740 4000 ἐπάνω
766 3918 881 3999 τούτου
907 3918 1109 3997 ἐπιτίθενται
1139 3914 1301 4020 στάφανάν
1332 3953 1370 3997 τε
1400 3919 1502 3997 δασὺν
1526 3919 1580 3996 ίων
1613 3920 1668 3998 καί
1698 3923 1818 3995 κιττοῦ.
1868 3921 1913 3994 In

330 4051 386 4126 his
413 4049 509 4124 hsud
537 4056 721 4127 immerito
748 4053 1009 4155 interpretibus
1036 4049 1235 4124 offensioni
1260 4051 1330 4124 suit
1346 4051 1568 4126 vocabulum
1594 4042 1780 4158 προτάλιον,
1811 4043 1911 4149 quod

332 4181 395 4282 qui
414 4165 589 4286 προβόλων
608 4179 718 4252 scribi
735 4178 852 4253 voluit
870 4178 1008 4253 Coraes
1024 4181 1117 4277 (non
1136 4175 1376 4252 Casaubonus
1400 4194 1443 4251 ut
1465 4175 1681 4252 Dindorfius
1707 4175 1822 4277 dicit),
1851 4199 1912 4250 re·

330 4305 506 4381 nabulum
539 4331 609 4409 pro
645 4302 823 4407 capillitio
850 4305 1014 4380 intulisse
1036 4303 1244 4380 censendus
1271 4321 1337 4380 est.
1392 4303 1541 4379 Rectius
1566 4302 1800 4378 scribendum
1826 4325 1911 4374 cen·

331 4433 460 4506 suissct
486 4423 670 4541 προκίμιον,
701 4429 747 4507 dc
775 4456 850 4535 quo
869 4429 1003 4506 Pollux
1016 4433 1101 4524 W,
1123 4440 1185 4506 30.
1214 4436 1362 4506 ἐκαλεῖτο
1383 4427 1416 4505 di
1439 4428 1495 4505 stoi
1516 4425 1640 4517 πηνίιιη,
1663 4425 1719 4502 καὶ
1739 4420 1911 4536 προνόμιον

331 4551 520 4667 προσθιτάν
548 4560 582 4631 οὐ
605 4556 736 4661 γυναιξὶ
769 4551 862 4649 μάνον
887 4554 978 4632 ἀλλὰ
1004 4555 1059 4633 καὶ
1083 4554 1203 4666 ἀνδρῶν
1231 4552 1263 4630 οἷ’
1289 4554 1398 4635 {vihis
1428 4560 1552 4668 τριχῶν
1583 4549 1718 4651 ἔχοντες
1744 4558 1786 4634 εἷς
1812 4547 1913 4647 siuns

329 4677 428 4777 λίγον
454 4675 645 4794 πράττουσι.
698 4685 775 4762 Uhi
801 4679 984 4795 πράττουσι
1011 4712 1055 4761 ex
1081 4677 1296 4796 περιάπτουσι
1323 4703 1538 4790 corruptum
1562 4683 1721 4764 videtur.
1772 4683 1912 4761 Confer

329 4830 517 4915 praeterea
544 4808 694 4891 suidam
720 4839 749 4890 s.
767 4841 802 4893 ν.
832 4809 956 4901 πηνίκα.
999 4813 1139 4890 Forsan
1156 4830 1279 4890 tamen
1297 4817 1432 4891 serrari
1447 4830 1572 4918 potest
1592 4805 1779 4922 προπόλιον,
1810 4806 1911 4913 quod
