4492 5686
1271 228 1321 301 ts

1180 338 1415 372 mm

507 505 547 562 ut
572 486 691 562 voluit
714 479 915 579 lacobsius,
943 485 1007 561 sed
1034 488 1106 576 λῆμ’
1135 480 1294 570 ἀνέπεισε.
1346 483 1546 588 Sequentia
1572 489 1797 591 perobscura
1821 507 1906 565 sunt
1932 507 1972 565 et
1996 491 2089 565 mul-

507 615 552 685 tis
593 609 712 685 modis
750 613 938 713 corrupta,
980 613 1115 713 quibus
1151 611 1273 686 lucem
1310 610 1507 685 allaturum
1533 637 1622 686 vesse
1659 638 1848 715 speramus
1888 612 2089 707 Cobetum‚

506 762 589 808 curn
617 738 772 809 maxime
804 744 841 809 in
875 733 1099 837 expoliendo
1134 733 1316 810 Athenaei
1351 761 1464 837 opere
1495 753 1730 839 occupatum.
1783 734 1959 811 Eiusdem
1991 738 2090 813 eclo-

507 885 574 961 gae
605 886 660 934 vs.
695 865 740 931 11
773 858 1007 934 scribendum
1040 857 1185 935 videtur
1213 853 1416 950 πεσσομένης
1449 853 1579 953 ἀλόχου
1613 855 1668 934 σὸν
1700 853 1838 954 aprilisv
1864 864 1949 965 (pro
1972 864 2094 954 Ἀχαϊ.

509 978 579 1083 ιιόν)
612 975 706 1092 ἄρσον
741 987 771 1057 ἒν
799 977 886 1077 οἴκῳ,
921 985 987 1058 ubi
1021 983 1169 1060 adverte
1205 982 1363 1057 mediam
1393 984 1551 1059 formam
1577 978 1757 1078 πέσσομαι,
1785 990 1893 1061 etiam
1919 1014 1972 1061 vs.
2000 987 2043 1060 17
2072 1011 2095 1060 e

509 1106 593 1183 cod.
622 1111 656 1181 A
683 1107 944 1184 restituendam
970 1103 1014 1182 od
1040 1103 1074 1181 δὲ
1098 1102 1212 1214 μικρὸν
1236 1100 1370 1197 iue'abw.

1175 1413 1435 1457 wmwoaxtwvw

994 1832 1609 1941 SUPPLEMENTA

1112 2031 1349 2094 SPECIMINIS
1371 2032 1497 2092 PRIMI.

650 2238 695 2313 P.
720 2246 755 2313 8.
809 2237 1010 2340 Exemplis,
1048 2242 1181 2341 quihus
1207 2237 1384 2315 Nicandri
1408 2242 1446 2312 in
1480 2235 1659 2313 novandis
1684 2240 1882 2314 verborum
1917 2243 2095 2314 mensuris

512 2365 696 2438 licentiam
721 2365 882 2464 probare
909 2378 1060 2436 conatus
1086 2390 1180 2457 sum,
1211 2361 1445 2439 eximendum
1465 2356 1582 2435 δείδιθι
1592 2361 1700 2436 Alex.
1718 2367 1805 2436 443.
1836 2360 1938 2465 quod
1963 2363 2094 2465 penul·

512 2493 599 2562 tima
620 2487 730 2588 longa
751 2490 858 2561 etiam
877 2485 1033 2560 Bahrius
1051 2487 1126 2562 sah.
1145 2488 1203 2575 75,
1219 2497 1252 2559 2.
1271 2486 1375 2579 dixit,
1406 2504 1442 2561 ct
1468 2477 1647 2596 ῥαὸόμνονι
1663 2486 1771 2565 Alex.
1790 2490 1851 2561 92.
1875 2486 1975 2590 quod
1995 2481 2094 2595 ῥαδα-

513 2640 592 2702 μονς
617 2607 850 2685 scribendum
870 2635 947 2683 esse
966 2608 1079 2682 fidem
1098 2610 1184 2683 facit
1202 2611 1420 2714 Hesychius:
1446 2604 1613 2699 Ῥαδαμεῖ,
1638 2599 1837 2693 βλαστάνει,
1863 2628 1901 2687 et
1922 2604 2096 2700 Ῥαδαμον,

514 2726 645 2816 καυλόν,
670 2721 836 2813 βλασνὸν.
875 2732 1120 2820 Eximendum
1145 2737 1234 2807 item
1260 2730 1420 2808 dicerem
1443 2720 1654 2841 σισύμβριον,
1680 2737 1711 2807 si
1732 2750 1941 2811 constanter
1963 2735 2000 2809 id
2020 2739 2094 2838 pri-

512 2886 609 2935 mam
636 2857 813 2962 syllabam
839 2853 1080 2959 produceret,
1117 2883 1211 2960 quae
1238 2857 1418 2932 Technici
1449 2856 1708 2959 Regimontani
1738 2855 1783 2931 ad
1810 2857 1911 2932 Aiac.
1940 2885 1979 2961 p.
2005 2864 2093 2933 245.

513 2986 691 3058 sententia
719 2997 792 3074 est;
821 2984 880 3055 cui
908 2978 1118 3055 adversatur
1146 2978 1300 3057 Ovidius
1326 2982 1424 3056 Fast.
1450 2980 1504 3056 lv
1522 2984 1594 3055 869
1623 2997 1660 3056 et
1686 2985 1768 3085 ipse
1786 2980 1973 3058 Nicander
1997 2981 2096 3088 apud

513 3107 653 3182 Athen.
673 3105 746 3180 XV
763 3133 803 3208 p.
821 3109 895 3178 ost
907 3104 948 3180 h.
1003 3104 1229 3208 Scripturam
1246 3096 1421 3196 Ὺμμησὸς,
1449 3131 1560 3208 quam
1579 3103 1718 3180 ibidem
1740 3110 1857 3208 attigi,
1883 3133 2095 3210 repraesen-

513 3247 566 3307 tat
591 3229 677 3305 cod.
707 3227 850 3303 Gorlic.
879 3226 1034 3302 Luciani
1062 3227 1122 3302 ed.
1150 3229 1230 3303 Jac.
1250 3228 1327 3303 vol.
1343 3229 1400 3302 HI
1415 3257 1455 3331 p.
1477 3237 1561 3303 180.

653 3350 698 3425 P.
722 3359 781 3443 12,
813 3358 871 3422 18.
926 3348 1035 3424 Adde
1061 3341 1210 3458 Σάτυρος
1228 3353 1259 3422 ἕν
1280 3355 1346 3427 τοῖς
1367 3347 1439 3457 περὶ
1456 3343 1679 3458 χαρακτήρων
1699 3351 1837 3423 Athen.
1853 3352 1908 3426 IV
1919 3381 1959 3454 p.
1976 3358 2055 3426 168.
2066 3381 2096 3429 e.

514 3469 673 3585 Ara'hapos
705 3478 736 3548 ἓν
766 3478 832 3552 τοῖς
862 3468 934 3585 περὶ
964 3462 1200 3562 βιβλιοθήκης
1231 3471 1323 3549 ibid.
1353 3472 1426 3548 XV
1447 3500 1487 3577 p.
1513 3477 1581 3546 541
1606 3499 1640 3547 e.
1691 3466 1852 3571 Ἀντιφῶν
1878 3477 1908 3547 ἓν
1938 3475 2098 3586 τοῖςπερὶ

513 3602 702 3708 γεωργικῶν
727 3599 819 3674 XIV
844 3627 883 3702 p.
902 3603 975 3673 650
989 3625 1023 3673 e.
1079 3590 1248 3675 Διονύσιος
1272 3602 1304 3671 ἓν
1329 3590 1442 3707 πρώην
1467 3592 1538 3705 περὶ
1562 3597 1725 3706 postulabo
1750 3595 1990 3706 ἀρχαιολογίας
2015 3600 2097 3676 Ste-

514 3727 656 3829 phanus
682 3724 771 3829 Byr.
800 3751 829 3798 s.
851 3751 886 3799 ν.
913 3718 1091 3816 ’Amiano
1126 3717 1305 3830 Ἀνακρέων
1331 3725 1362 3793 ἒν
1384 3723 1430 3816 epi
1450 3721 1521 3829 περὶ
1542 3720 1749 3830 ῥζοτομικῶν
1776 3721 1906 3798 Sohol.
1922 3723 2097 3799 Nicandri

515 3849 629 3923 Thes.
647 3851 734 3922 596.
781 3844 991 3956 Δικαίαρχος
1018 3851 1051 3920 ἓν
1081 3837 1201 3955 πρώτῳ
1229 3843 1300 3953 περὶ
1323 3834 1408 3923 βίων
1433 3845 1545 3947 Diog.
1574 3844 1699 3920 Laert.
1719 3846 1789 3939 Ill,
1816 3858 1848 3936 1,
1872 3854 1908 3921 5.
1935 3851 2000 3921 ubi
2027 3843 2102 3956 περί

515 3972 747 4076 expungehat
770 3970 940 4045 Fuhrius.
1219 4068 1222 4075 Δ

655 4093 699 4170 Ρ.
720 4102 779 4185 11,
799 4095 859 4167 26.
914 4093 1015 4167 Haec
1050 4096 1099 4167 ita
1133 4079 1327 4166 scribenda
1362 4108 1485 4167 erant:
1519 4091 1777 4196 Astyanactem
1804 4110 1841 4168 et
1869 4097 2096 4168 Antenorem

427 4286 429 4290 ,
516 4247 592 4296 non
617 4217 800 4294 dubitasse
825 4213 997 4290 videntur
1018 4219 1089 4292 viri
1116 4215 1217 4291 docti
1250 4218 1340 4319 quin
1362 4232 1474 4318 poeta
1499 4215 1654 4318 intelligi
1678 4216 1838 4292 voluerit
1863 4216 2094 4293 Homericos.

655 4341 699 4417 P.
722 4346 780 4416 15.
836 4339 1017 4416 Carminis
1040 4341 1218 4415 Matronis
1235 4366 1289 4416 vs.
1307 4342 1355 4415 65
1369 4330 1566 4448 χρύσοφρυς
1582 4327 1618 4417 ‘ir
1630 4331 1854 4417 κάλλιστοςὲν
1874 4332 1983 4415 ἄλλοις
1999 4335 2097 4415 ἵστα-

515 4497 570 4541 σαν
589 4457 710 4560 ἰχθύς,
736 4463 887 4568 parodia
916 4482 969 4539 est
994 4491 1119 4539 versus
1144 4465 1346 4555 Homerici,
1375 4452 1512 4571 ἕσπερος
1537 4451 1570 4540 ‘dr
1598 4453 1779 4539 κάλλιστος
1802 4465 1833 4536 ἓν
1860 4463 1978 4570 οὐρανῷ
1999 4458 2097 4540 ἵστα-

515 4621 570 4665 σαν
600 4581 713 4698 ἀστήρ.
766 4588 941 4664 Eiusdem
974 4592 1142 4663 carminis
1174 4617 1228 4666 vs.
1264 4596 1329 4662 121
1361 4587 1456 4664 Ven.
1493 4586 1577 4663 cod.
1605 4587 1803 4661 lectionem
1831 4591 1915 4662 satis
1949 4605 2099 4665 tuentur

517 4718 590 4790 loci
618 4715 734 4818 qualis
761 4730 815 4789 est
841 4712 1042 4788 Theocriti·
1057 4711 1115 4787 Id.
1136 4712 1277 4802 XVIII,
1292 4718 1353 4787 50.
1407 4707 1507 4786 Λατὼ
1532 4705 1689 4802 trilibris,
1718 4704 1815 4785 Λατώ
1842 4703 2065 4821 κονρότροφος.
