4492 5686
1183 250 1236 325 86

489 516 496 529 ‘
556 510 649 587 XIV
665 538 706 614 p.
722 513 796 584 6³6
811 511 839 584 f.
884 501 1177 618 ’Δτολὶιίδυροςέν
1198 510 1238 607 τῇ
1256 503 1337 618 πρὸς
1350 504 1597 617 ’Δριστοιιλέανς
1613 508 1788 598 ἐπιστολὴν
1806 516 2003 623 ἀντιγραφῇ.

416 636 609 712 Aristoclis
639 635 797 740 epistola
827 639 956 710 musici
989 638 1193 737 argumenti
1223 635 1311 727 fuit,
1339 632 1440 708 unde
1465 638 1625 709 coniicio
1651 635 1877 711 Aristoclem
1902 638 2005 714 hunc

417 759 577 836 eundem
602 787 694 853 esse,
729 763 832 835 cuius
862 764 1000 834 musica
1032 763 1167 863 scripta
1192 758 1407 834 Athenaeus
1427 759 1482 834 lv
1498 786 1539 862 p.
1560 762 1678 834 ¹740.
1706 759 1798 834 XIV
1819 788 1860 864 p.
1878 765 1999 836 ⁶200.

417 884 570 990 aliisque
596 885 689 961 locis
715 901 908 960 memorat.
963 881 1070 978 Quae
1101 888 1133 958 si
1158 910 1244 959 vera
1269 900 1373 977 sunt,
1411 884 1522 958 simul
1546 901 1703 959 aetatem
1727 888 1796 961 viri
1820 901 2001 978 tenemus,

417 1009 600 1113 siquidem
623 1007 895 1112 Apollodorus,
932 1007 978 1082 ad
1010 1033 1120 1112 quem
1153 1008 1348 1112 epistolam
1380 1008 1483 1082 illam
1513 1008 1683 1102 dederat,
1720 1013 1781 1085 rix
1806 1009 1899 1084 alius
1925 1034 2005 1084 esse

415 1149 542 1237 potest
567 1160 678 1237 quiam
705 1160 818 1237 quem
844 1160 973 1208 omnes
998 1149 1138 1208 norunt
1161 1132 1331 1208 literator
1345 1132 1595 1209 Atheniensis.

424 1339 433 1357 ο
559 1258 655 1334 XIV
670 1286 711 1362 p.
728 1259 802 1332 638
818 1259 858 1332 b.
895 1248 993 1329 ἄλλοι
1017 1251 1051 1329 δέ
1075 1249 1201 1364 πρῶτον
1228 1277 1316 1355 φασι
1341 1260 1415 1365 παρ’
1436 1255 1708 1366 ’Βιευὸερναῶυς
1732 1253 1911 1366 κιθαρίσαι
1944 1253 2007 1335 τὰς

417 1377 572 1491 ἐρωτικὰς
599 1378 683 1476 ᾠδὰς
703 1379 868 1472 'adram
892 1376 947 1455 adv
968 1379 1229 1488 Ἐλευθερναῖον,
1256 1375 1296 1453 οὗ
1319 1378 1375 1454 καί
1398 1379 1473 1457 retr
1497 1375 1679 1470 ἀπογόνους
1694 1379 1868 1491 ’Δμίτορας
1892 1387 2004 1455 καλεῖ-

417 1502 518 1580 σθαι
569 1509 755 1581 Amitonis
779 1509 920 1609 posteri
946 1508 1049 1579 cuius
1079 1504 1266 1607 analogiae
1292 1504 1374 1607 lege
1398 1507 1584 1581 Amitores
1610 1507 1789 1610 appellari
1813 1512 2005 1610 potuerint

416 1656 495 1704 non
521 1629 749 1732 intelligitur.
802 1628 960 1704 Accedit
986 1627 1088 1731 quod
1119 1654 1241 1731 neque
1260 1626 1400 1718 Ἀμίτων
1426 1657 1550 1734 neque
1567 1627 1710 1736 ’Δμίτωρ
1731 1656 1859 1732 graece
1881 1647 2001 1705 sonat.

419 1751 508 1847 Quo
536 1751 650 1827 modo
676 1752 768 1828 haec
793 1751 1021 1855 expedienda
1046 1757 1121 1826 sint
1141 1752 1227 1826 cod.
1247 1753 1343 1828 Ven.
1367 1752 1490 1846 docet,
1521 1758 1586 1858 qui
1610 1740 1681 1857 pro
1702 1751 1868 1843 ’Δμίτωνα
1891 1753 2005 1827 habet

411 1869 589 1983 ’Δμήτορα
616 1893 654 1951 et
673 1869 857 1984 ’Δμήτορας
883 1903 954 1981 pro
967 1870 1149 1984 ’Δμίτορας
1199 1875 1364 1952 Proinde
1385 1876 1621 1953 scribendum
1632 1870 1798 1986 ’Δμήτορα
1813 1871 1868 1952 air
1888 1880 2003 1951 Ἐλευ·

417 2000 580 2109 θερναῖιν,
607 2018 644 2076 et
668 1997 745 2077 τοὺς
767 1993 948 2089 (ἐτογίνους
969 1993 1187 2107 ’Δμητορίέας
1240 1999 1353 2094 Quod
1380 2002 1491 2103 plane
1522 2003 1718 2077 confirmat
1742 2003 1861 2105 glossa
1886 2003 2004 2106 Hesy·
2036 2062 2043 2073 .

418 2125 505 2219 chii,
527 2120 755 2232 Ἀμητορίνλαςτ
783 2117 1004 2232 κιθαριστάς.
1030 2124 1160 2232 Κρῆτες.

558 2249 651 2325 XIV
666 2275 707 2352 p.
725 2254 799 2322 638
814 2274 849 2323 e.
889 2249 989 2323 Ante
1014 2240 1164 2323 σκώπτει
1189 2243 1223 2321 δὲ
1254 2243 1370 2326 αὐτούς
1395 2249 1489 2325 nihil
1515 2249 1691 2325 excidisse
1717 2249 1864 2325 ostendi
1890 2249 2000 2325 Com.

419 2373 553 2449 Graec.
572 2373 705 2449 rol.lI
728 2401 768 2478 p.
787 2380 850 2445 28.
905 2372 1004 2447 Tum
1029 2373 1085 2447 lit.
1111 2373 1140 2446 f.
1168 2366 1342 2480 Κλέαρχος
1369 2368 1403 2445 d'
1433 2377 1464 2446 ἐν
1489 2368 1623 2481 δευτέρῳ
1644 2371 1829 2481 Ἐρωτικῶν
1855 2368 1902 2447 ad
1925 2377 2004 2482 ἐρω-

417 2489 497 2572 τικιί
522 2517 620 2595 φησιν
646 2490 789 2592 ᾅσματα
815 2493 870 2571 καί
896 2491 940 2570 τὰ
964 2490 1109 2605 Λοκρικὰ
1140 2488 1328 2586 καλούμενα
1353 2492 1437 2570 οὐδὲν
1463 2486 1527 2571 adr
1553 2499 1718 2596 Σαπφοῦς
1742 2495 1798 2572 καί
1817 2491 2003 2607 Ἀνακρέον-

416 2650 473 2698 τος
498 2616 666 2729 λαφέρειν.
717 2623 763 2694 In
794 2621 851 2693 his
882 2646 953 2722 pro
985 2613 1125 2726 ἐρωτικά
1157 2636 1221 2692 aut
1245 2621 1438 2722 specialius
1465 2621 1728 2695 cantilenarum
1755 2647 1869 2723 genus
1893 2648 2004 2725 expe-

419 2746 577 2838 ctabam,
605 2760 668 2819 aut
693 2740 755 2817 καί
774 2759 858 2818 ante
884 2737 929 2817 τα
953 2736 1098 2852 Δοκρικοί
1122 2742 1322 2818 delendum
1347 2760 1412 2819 est.

559 2869 652 2944 XIV
674 2897 714 2972 p.
731 2870 805 2941 640
820 2869 859 2942 b.
913 2866 1130 2972 Euripides:
1162 2860 1283 2976 πλήρης
1314 2864 1370 2960 μέν
1395 2861 1491 2958 ἕψων
1523 2865 1668 2951 ποντίων,
1695 2863 1826 2978 πάρεισι
1851 2863 1887 2942 δέ
1911 2871 1917 2971 Ι
1943 2862 2003 2960 μα’-

420 3021 519 3087 σχων
544 3022 581 3067 τε
607 2988 698 3102 σὰρξ
727 2990 849 3101 τέρεινα
878 2986 995 3086 χηνεία
1020 3020 1057 3065 τε
1081 2987 1159 3069 δαίς.
1209 2994 1265 3068 Ita
1290 2993 1383 3068 haec
1408 2994 1567 3069 Porsoni
1592 2999 1832 3098 praecipitem
1857 2995 2003 3069 coniec-

417 3135 540 3194 turam
571 3134 748 3221 sequutus
782 3115 899 3191 edidit
930 3116 1163 3191 Dindorfius.
1217 3118 1320 3192 Libri
1348 3109 1492 3211 μίτχων
1521 3112 1653 3226 τέρειναι
1677 3111 1800 3225 σέριως
1829 3113 1946 3212 χηνεία
1967 3147 2006 3192 τε

419 3235 498 3323 δαίς,
526 3267 621 3343 quae
646 3246 696 3316 ita
720 3244 846 3342 potius
871 3238 1068 3343 Euripides
1093 3244 1278 3342 scripsisse
1302 3240 1465 3316 videtur:
1494 3235 1637 3335 μόσχων
1657 3237 1787 3350 τέρειναι
1805 3235 1927 3352 σίρκες
1945 3246 2003 3352 ἐρ-

420 3359 486 3437 νεία
511 3358 652 3452 recinis,
683 3389 778 3466 quae
812 3362 1041 3454 emendatio,
1079 3365 1109 3435 si
1136 3361 1179 3435 ad
1203 3361 1526 3464 palaeographicae
1552 3369 1712 3438 rationes
1739 3370 1921 3466 exigatur,
1950 3369 2004 3441 fa·
2096 3397 2099 3401 ’

419 3488 554 3564 cillima
580 3486 698 3564 videri
723 3486 847 3563 debet.

559 3611 651 3686 XIV
673 3640 714 3714 p.
736 3614 809 3685 643
824 3639 858 3687 e.
920 3611 1269 3688 commemorantur
1302 3607 1604 3685 πλακουντοποιικὰ
1636 3607 1895 3722 συγγράμματα
1919 3643 2004 3690 cum

420 3739 576 3814 aliorum
607 3753 687 3811 tum
719 3725 919 3845 Μητροβίου,
951 3727 999 3808 ἔτι
1030 3731 1064 3808 δὲ
1097 3733 1227 3811 Φαίτου.
1279 3738 1363 3812 Hoc
1398 3763 1536 3812 nomen
1569 3736 1658 3809 mihi
1693 3737 1842 3840 quidem
1873 3766 2004 3840 parum

421 3888 549 3964 graece
574 3877 694 3954 sonat,
723 3877 765 3936 ut
790 3865 959 3967 nesciam?
975 3886 1023 3933 an
1048 3856 1192 3934 Φαίστου
1214 3859 1472 3964 reponendum
1498 3865 1557 3935 sit.

560 3984 652 4058 XIV
669 3984 800 4087 poll
815 3987 855 4059 b.
909 3985 1079 4088 Lynceus
1103 3989 1141 4060 in
1169 3986 1325 4088 epistola
1349 3983 1396 4059 ad
1421 3985 1621 4087 Diagoram
1649 3991 1796 4088 scripta:
1826 3987 1864 4082 τῇ
1883 3982 1915 4058 δὲ
1932 3983 2006 4094 περὶ

421 4103 475 4183 τὸν
510 4100 620 4195 ἄμητα
659 4101 735 4208 δίξη
764 4102 818 4181 τὸν
851 4097 957 4181 καινέν
990 4105 1236 4197 ἀνταγωνιστὴν
1270 4105 1323 4182 ἐπί
1356 4110 1412 4196 τῆς
1445 4104 1593 4217 &ordgar
1625 4103 1809 4198 εἰσάγουσα
1843 4104 2004 4218 τραπέζης

421 4238 538 4329 ἐχῖνον.
590 4229 836 4308 Scribendum
861 4225 1044 4320 εἰσάγουσι,
1070 4236 1149 4309 scil.
1178 4232 1330 4324 Rhodii,
1361 4251 1401 4308 ut
1426 4233 1642 4337 intelligitur
1668 4260 1713 4309 ex
1742 4239 1798 4326 iis,
1829 4261 1924 4336 quae
1949 4235 2002 4308 le-

421 4374 556 4462 guntur
571 4357 628 4430 III
651 4385 691 4459 p.
715 4361 782 4430 109
798 4355 837 4430 d.
866 4350 1050 4465 ἀρχομένου
1083 4353 1139 4448 μὲν
1171 4359 1231 4431 τοῦ
1256 4353 1381 4432 δείπνου
1409 4353 1466 4432 καί
1489 4359 1666 4450 μεσοῦντος
1690 4353 1774 4430 οὐδὲν
1798 4350 2005 4445 λειπομένους

421 4475 637 4588 ἐπιφέρουσιν,
663 4473 881 4589 ἀπειρηκίτων
907 4475 940 4553 δέ
965 4477 1020 4555 καί
1051 4477 1309 4591 πεπληρωμένων
1334 4475 1551 4572 ἐπεισάγουσι
1583 4470 1753 4589 (λατριβὴν
1785 4473 1838 4553 τὸν
1865 4473 2002 4589 ἐκέχρη-

422 4634 500 4682 στον
527 4595 705 4710 ἐσχαρίτην
733 4597 939 4688 καλούμενον.
991 4604 1098 4681 Adde
1116 4606 1174 4681 III
1195 4635 1235 4709 p.
1255 4608 1299 4681 75
1315 4633 1348 4681 e.
1381 4604 1437 4680 καί
1465 4607 1574 4681 ταῦτα
1609 4600 1669 4703 (τὰ
1693 4596 1810 4713 ἐρινειέ)
1843 4608 1901 4679 οὐκ
1936 4602 2003 4679 dri
2109 4598 2113 4607 ⁴

421 4725 545 4804 δείπνου
563 4774 602 4786 -
621 4729 696 4800 ἀλλ’
719 4723 863 4801 ἀθίκτου
889 4730 945 4816 τῆς
970 4724 1152 4820 ἐπιθυμίας
1176 4723 1273 4819 οὔσης
1299 4727 1359 4840 πρὸ
1386 4727 1510 4806 δειπνου
1536 4727 1778 4838 παρατέθεικα,
1805 4731 1870 4807 uhi
1896 4760 2003 4838 ταρα-
