4492 5686
1114 252 1136 322 d

1006 365 1241 393 mmm

588 519 626 581 Α.
677 508 715 579 ἐκ
741 499 775 579 δέ
799 496 913 581 πίσιος
942 504 1061 597 κῶμος,
1088 509 1126 580 ἔκ
1153 498 1264 595 κῶμον
1291 501 1322 578 δ’
1349 500 1474 594 ἐγένετο
1499 503 1640 581 θυανία·

588 636 627 706 ἐκ
652 627 685 706 δὲ
709 628 851 709 θυανίας
876 627 945 718 δίκη
973 625 1105 730 [γένετζ
1132 636 1169 707 ἔκ
1195 628 1282 719 δίκης
1308 626 1341 705 δὲ
1366 628 1551 735 καταδίκη]

588 763 626 834 ἐκ
651 755 684 833 δέ
710 755 889 846 καταδίκης
913 753 1008 832 πέδαι
1031 787 1068 833 τε
1093 756 1148 832 καί
1173 751 1345 857 σφάκελος
1371 756 1427 833 καί
1452 754 1560 850 ζημία.

333 887 393 964 Ab
433 886 567 961 ultimo
602 912 710 962 versu
741 902 784 959 ut
819 884 954 977 ordiar,
994 877 1165 983 σφάκελος
1199 902 1237 960 et
1269 902 1389 960 metro
1436 885 1553 960 officit
1595 913 1717 989 neque
1758 885 1803 961 ad
1837 912 1917 962 sen·

332 1017 485 1088 tentiam
511 1011 828 1088 accommodatum
854 1029 921 1087 est.
977 1012 1175 1088 verissima
1202 1028 1257 1090 est
1281 1012 1456 1087 Bocharti
1483 1012 1691 1087 emendatio
1719 1005 1865 1112 σφαλίς,
1898 1040 1919 1088 a

335 1138 680 1242 Schweighaeusero
706 1156 921 1230 memorata,
951 1137 1187 1213 aDindorfio
1205 1138 1383 1240 neglecta.
1426 1138 1560 1213 Pollux
1574 1139 1677 1231 VIII,
1696 1140 1758 1213 72.
1788 1135 1920 1238 σφαλδς

333 1259 369 1341 τδ
396 1258 597 1357 δεσματνκίν
623 1258 721 1366 ξίλον
747 1268 906 1338 ἐκαλεῖτο.
958 1264 1176 1367 Hesychius,
1207 1256 1361 1363 Σφαλίςε
1389 1256 1461 1340 ἔστι
1485 1259 1552 1372 γὰρ
1578 1259 1683 1337 ποδῶν
1708 1260 1919 1354 δετματικίν.

334 1396 364 1465 οἱ
385 1386 419 1464 δέ
443 1383 577 1499 κοφμέν.
613 1380 633 1477 ἢ
664 1386 784 1465 δίσκον.
816 1382 913 1463 ῶλλοι
938 1384 971 1462 δὲ
995 1385 1168 1467 δισκοειδές
1193 1420 1224 1463 τι
1255 1392 1371 1467 σκεῦος
1402 1380 1610 1483 μολῦβδνον,
1647 1383 1727 1484 ἔχον
1754 1388 1873 1500 κρίκον,
1903 1382 1919 1464 d

332 1513 525 1611 δεσμοῦντες
542 1512 620 1626 ὑπὲρ
641 1512 697 1604 την
711 1510 858 1615 κεφαλὴν
872 1514 1037 1626 ῥίπτουσιν
1063 1520 1094 1589 ἐν
1120 1522 1185 1594 τοῖς
1210 1518 1337 1607 ἀγῶσιν
1350 1518 1407 1617 (*).
1433 1516 1588 1592 Photius
1614 1545 1653 1620 p.
1668 1526 1729 1610 21,
1751 1528 1809 1591 13.
1833 1520 1916 1592 'Eo'-

332 1636 470 1743 φιίλιζεν
495 1644 583 1746 (leg.
611 1634 823 1744 ἐσφιίλιξεν);
852 1636 1050 1741 ἠσφιίλισεν,
1078 1634 1232 1742 έσφηλεν,
1259 1635 1378 1729 ἔδησεν.
1405 1633 1487 1716 οῦτοι
1515 1641 1570 1717 καί
1600 1638 1710 1721 πέδαις
1736 1639 1833 1731 δῆσαι
1859 1672 1917 1717 πε-

333 1767 440 1859 δῆσαι.
493 1768 569 1864 Qui
597 1787 659 1845 aut
685 1765 857 1868 σφαλίζειν
884 1786 921 1846 et
941 1763 1105 1869 σφάλλειν
1132 1769 1313 1863 confudit,
1343 1786 1405 1844 aut
1431 1796 1501 1873 pro
1528 1761 1671 1869 ἔσφηλεν
1693 1762 1802 1857 ἔδησεν
1829 1775 1917 1845 scri·

331 1902 406 2002 psit
430 1900 461 1970 ἒν
487 1898 610 1996 σφαλῶ
637 1889 762 1984 ἔδησεν,
791 1895 893 1999 quod
919 1902 1110 2000 sequentia
1136 1894 1395 1971 commendare
1421 1896 1603 1972 videntur.
1657 1897 1784 1972 Primo
1811 1923 1919 1973 versu

332 2028 402 2100 nisi
434 2050 506 2128 pro
539 2020 666 2101 θυσίας
696 2021 794 2097 aliud
829 2049 966 2098 nomen
998 2023 1240 2127 Epicharmus
1273 2040 1461 2126 posuerat,
1502 2028 1678 2126 suspicari
1715 2028 1847 2127 possis,
1881 2026 1919 2096 ἐκ

332 2146 366 2225 dh*
395 2145 523 2228 θυσίας
552 2144 669 2240 γέγονε
694 2144 788 2236 θοίνη
809 2145 858 2248 [νίν
884 2145 979 2250 Δία],
1014 2167 1055 2225 ut
1081 2147 1180 2225 aliud
1213 2149 1303 2252 quid
1334 2154 1586 2253 praecesserit,
1613 2128 1667 2224 ‘ex
1699 2176 1774 2253 quo
1807 2146 1919 2222 θυσία

332 2280 432 2353 nasci
462 2276 615 2351 dicatur.
660 2275 725 2351 Vs.
738 2283 774 2349 2.
809 2292 909 2351 recte
939 2275 1157 2351 Dindorfius
1189 2277 1376 2378 supplevit
1409 2271 1504 2349 δοκεῖ.
1543 2276 1661 2351 Versu
1693 2281 1802 2351 tertio
1830 2281 1916 2351 scri·

331 2400 496 2478 bendum
522 2427 606 2474 cum
631 2399 808 2473 Dobraeo
835 2395 966 2488 ἐγίνεθ’
993 2399 1099 2491 ὑανία,
1136 2418 1174 2474 et
1199 2421 1376 2502 sequente
1402 2406 1440 2477 ἐκ
1465 2399 1499 2476 δ’
1525 2399 1643 2481 ὑανίας.
1694 2403 1913 2507 Hesychius,

332 2522 473 2610 Σνανίατ
505 2520 645 2635 λοιδορία
672 2521 727 2598 καί
755 2526 773 2610 ἡ
806 2518 860 2596 διδ
892 2517 1004 2630 χειρίς
1029 2517 1137 2614 μα’χη.
1189 2521 1308 2614 Idem,
1334 2523 1461 2596 ε*ὑανίας
1495 2521 1620 2633 τύρβη,
1652 2522 1768 2621 μάχη,
1801 2519 1917 2638 ὕβρις,

333 2648 516 2762 ἅγεραχία.
567 2652 691 2728 Verba
717 2653 859 2725 uncinis
886 2648 1026 2722 inclusa
1053 2673 1096 2722 ex
1123 2652 1332 2724 coniectura
1359 2647 1499 2724 addidit
1520 2652 1570 2724 H.
1592 2650 1820 2753 Stephanus3
1848 2680 1917 2726 nec

334 2778 488 2856 dubium
515 2797 569 2855 est
596 2782 685 2882 quin
714 2776 804 2880 quid
831 2773 1006 2851 exciderit
1034 2791 1132 2850 recte
1159 2775 1391 2850 intellexerit.
1447 2775 1521 2850 Sed
1549 2776 1713 2880 dactylus
1740 2778 1915 2852 offensio·

332 2934 418 2983 nem
443 2906 568 2982 habet.
624 2903 868 2982 Scribendum
899 2907 1023 3006 potius
1056 2898 1141 2989 δίκη,
1169 2904 1205 2975 ’κ
1235 2896 1323 2989 δίκης
1349 2896 1382 2973 δ’
1408 2897 1532 2991 ἐγένετο
1561 2898 1730 2989 καταδίκη.
1781 2904 1837 2977 Ac
1864 2903 1916 2977 fa·

331 3053 391 3113 vet
410 3030 686 3138 quodammodo
704 3031 791 3106 huic
809 3027 1055 3105 emendationi
1074 3027 1204 3103 Suidas
1222 3056 1258 3104 v.
1280 3023 1370 3121 οἶνος,
1398 3031 1463 3103 ubi
1481 3029 1571 3104 haec
1597 3034 1646 3104 ita
1672 3034 1806 3133 scripta
1833 3047 1917 3105 sunt

261 3198 269 3213 .
331 3165 370 3235 ἐκ
399 3156 433 3233 δι’
467 3154 625 3234 θυανείας
657 3151 737 3243 δίκη.
771 3160 810 3229 ἐκ
842 3150 876 3228 δὲ
905 3150 993 3242 δ’κης
1025 3151 1119 3228 πέδαι
1151 3185 1186 3228 τε
1217 3185 1248 3229 κ.
1263 3184 1291 3229 r.
1305 3167 1337 3228 λ.
1388 3156 1519 3258 Itaque
1551 3157 1794 3258 fragmentum
1826 3156 1911 3246 hoc,

331 3289 505 3361 restitutis
530 3284 658 3359 formis
685 3282 833 3375 doricis,
861 3280 947 3356 inde
974 3307 994 3355 a
1020 3279 1182 3355 secundo
1209 3308 1316 3356 versu
1341 3285 1388 3355 ita
1416 3282 1493 3355 fere
1520 3281 1767 3356 exhibendum
1794 3299 1865 3356 est:

586 3415 625 3485 ἐκ
651 3405 683 3483 δὲ
708 3404 825 3485 θοίνας
850 3399 947 3485 πίτις
970 3400 1104 3496 ἐγένετο.
1150 3418 1189 3479 Β.
1214 3398 1342 3515 χιίριεν,
1372 3399 1414 3484 ῶς
1438 3409 1470 3496 γ’
1484 3404 1551 3497 ἐμίν
1578 3403 1672 3481 hrosi.

589 3552 625 3612 Δ.
651 3539 690 3611 ἐκ
716 3530 748 3609 δὲ
773 3527 888 3611 πίσιος
914 3535 1033 3626 κῶμος,
1059 3536 1097 3607 ἐκ
1123 3526 1235 3623 κῶμον
1261 3529 1293 3609 δ
1306 3528 1439 3623 ἐγένεθ’
1466 3530 1571 3625 ὑανία,

585 3667 623 3738 ἐκ
649 3658 681 3736 δ’
706 3656 816 3738 ὑανίας
841 3655 926 3744 δίκα,
947 3663 983 3734 ’κ
1004 3656 1095 3737 δίκας
1121 3656 1153 3733 δ’
1179 3656 1303 3749 ἐγένετο
1332 3656 1507 3743 καταδίκα,

585 3793 624 3864 ἐκ
649 3784 683 3862 δὲ
708 3782 888 3865 καταδίκας
912 3781 1006 3862 πέδαι
1030 3815 1068 3861 τε
1094 3783 1149 3861 καί
1174 3781 1307 3885 σφαλδς
1332 3785 1387 3861 καί
1412 3782 1524 3879 ζαμία

333 3920 523 4008 Ceterum,
565 3920 604 3990 ni
639 3919 848 3992 coniectura
880 3915 988 4008 fallit,
1032 3912 1190 3989 eundem
1235 3913 1335 3988 hunc
1368 3914 1581 4016 Epicharmi
1621 3914 1746 3988 locum
1790 3941 1913 4018 respe-

330 4048 384 4121 xit
407 4041 626 4119 Aristoteles
653 4027 800 4116 Gener.¹
821 4045 931 4115 anim.
960 4041 1077 4133 I,1s:
1106 4041 1293 4133 πολλαχῶς
1317 4035 1467 4129 γίγνεται
1493 4032 1577 4112 ῶλλο
1603 4042 1642 4141 ἐξ
1666 4032 1785 4115 ῶλλου·
1812 4032 1914 4151 ἕτερον

330 4165 396 4281 «γὰρ
423 4161 556 4278 τρίπον,
584 4169 627 4245 ῶς
651 4169 690 4270 ἐξ
714 4161 833 4276 ἡμέρας
858 4161 965 4264 φαμὲν
992 4163 1050 4269 νὺξ
1074 4163 1223 4256 γίγνεται
1247 4163 1303 4240 καί
1327 4169 1365 4239 ἐκ
1389 4160 1501 4242 παιδὸς
1527 4158 1619 4275 ἀνήρ,
1652 4157 1699 4240 ῦτι
1731 4161 1803 4241 τίδε
1828 4165 1914 4259 μετὰ

330 4289 417 4371 τίδε·
442 4288 544 4369 ἄλλον
571 4290 604 4369 δὲ
627 4286 754 4403 τρίπον,
786 4296 828 4370 ῶς
852 4296 890 4367 ἐκ
915 4294 1050 4385 χαλκοῦ
1076 4288 1203 4401 ἀνδριὰς
1228 4291 1284 4366 καί
1306 4295 1344 4365 ἐκ
1374 4285 1479 4393 ξιίλου
1507 4289 1606 4379 κλίνη.
1641 4285 1744 4401 ἕτερον
1775 4289 1807 4366 δὲ
1841 4286 1912 4402 τρί-

331 4453 403 4505 πον,
437 4425 480 4499 ῶς
504 4424 543 4495 ἐκ
568 4422 726 4512 μουσικοῦ
757 4410 904 4512 ῶμονσος
935 4417 990 4493 καί
1020 4423 1062 4498 ῶς
1095 4422 1134 4521 ἐξ
1167 4421 1279 4509 ὑγιοῦς
1306 4410 1437 4506 κιίμνοιν
1465 4416 1519 4492 καί
1544 4409 1626 4496 ῦλονς
1651 4414 1688 4492 τδ
1716 4416 1851 4494 ἐναντίον
1876 4425 1913 4494 ἐκ

370 4728 419 4807 (s)
450 4727 551 4807 Itaque
572 4721 687 4805 οφαλδς
708 4723 793 4788 etiam
815 4722 884 4785 disci
906 4744 997 4807 genus
1019 4723 1082 4785 tuit.
1125 4723 1262 4807 Neglexit
1283 4723 1353 4785 haec
1373 4721 1414 4784 G.
1432 4722 1465 4784 P.
1481 4720 1608 4805 Philippi
1622 4722 1743 4786 Dissert.
1765 4725 1801 4787 de
1821 4726 1911 4786 Pent-

329 4829 408 4891 athlo
430 4851 458 4910 p.
471 4825 520 4890 43.
