4492 5686
1216 247 1264 318 50

450 505 541 579 Mox
565 504 636 576 litt.
653 528 687 577 e.
723 497 778 575 sai
810 499 997 575 καλεῖσθαι
1020 492 1123 574 Τόνεα
1148 496 1204 588 τὴν
1230 492 1348 600 εὀρτιὶι,
1379 491 1427 573 ότι
1453 492 1612 576 συντόνως
1637 492 1762 585 συνέβη
1787 498 2031 608 περιειληθῆναι

451 624 488 703 τό
519 619 652 736 βρέτας.
702 627 777 703 Pro
809 620 912 702 Τόνεα
936 631 1071 703 rectius
1096 631 1283 729 scripseris
1309 617 1432 701 Τόνιια
1483 626 1559 702 Ρτο
1585 618 1744 702 συντόνως
1772 626 1968 701 Dobraeus
1998 629 2030 699 ἐν

450 747 560 832 τόνοις.
608 754 737 828 Malim
761 746 861 831 τόνοις
887 759 965 829 sine
991 757 1031 827 ἐν.
1082 753 1253 828 Librario
1285 744 1444 829 συντόνως
1470 755 1644 827 scribenti
1671 753 1793 827 obluit
1816 756 1948 827 ricinia
1973 778 2030 827 se·

452 884 597 982 quentis
621 880 807 955 vocabuli.

591 1005 663 1080 XV
680 1033 720 1107 p.
732 1008 779 1082 67
783 1014 805 1078 2
819 1007 859 1079 b.
887 1003 1111 1079 Menodotus
1130 1004 1177 1080 de
1194 1005 1335 1107 templo
1352 1004 1506 1079 Iunonis
1524 1003 1687 1079 Samiae:
1715 1003 1955 1094 ἐπιμεληθῆναι
1974 1005 2033 1079 τοῦ

450 1132 531 1239 ἱεροῶ
557 1132 613 1203 ποῶ
640 1128 694 1204 καὶ
720 1134 771 1205 νῶν
797 1121 1016 1236 ὑπάρχοντος,
1040 1123 1192 1239 πρότερον
1217 1126 1251 1203 δὲ
1274 1125 1338 1204 dard
1363 1124 1513 1218 Λελέγων
1539 1127 1595 1203 καὶ
1613 1132 1758 1229 Νυμφῶν
1781 1125 2030 1238 καθιδρυμένου.

451 1256 657 1335 Permirum
691 1273 746 1331 ert
783 1256 857 1330 hoc
892 1257 1073 1356 templum
1109 1284 1129 1329 a
1162 1256 1360 1356 Lelegibus
1398 1273 1436 1330 et
1471 1255 1680 1358 Nymphis
1716 1254 1907 1329 conditum
1941 1253 2028 1347 dici,

453 1388 675 1483 quamquam
705 1385 822 1483 ipsam
848 1380 998 1454 Samum
1029 1383 1075 1454 ab
1101 1381 1335 1455 Anacreonte
1366 1383 1512 1478 Νυμφῶν
1543 1373 1638 1453 πόλιν
1671 1379 1745 1455 dici
1775 1408 1853 1455 non
1883 1385 2028 1480 ignoro.

453 1505 697 1581 Scribendum
721 1504 867 1580 videtur
898 1501 953 1577 sal
977 1506 1112 1586 Μινυῶν,
1145 1532 1239 1607 quos
1270 1533 1355 1579 cum
1379 1506 1578 1608 Lelegibus
1604 1511 1820 1582 coniunctos
1853 1521 2032 1580 memorat

452 1636 540 1707 item
564 1630 782 1707 Plutarchus
810 1630 962 1725 Quaest.
991 1657 1109 1733 graec.
1139 1658 1178 1733 p.
1192 1639 1266 1704 302
1279 1634 1321 1706 h.

590 1757 664 1831 XV
680 1760 803 1859 pots
819 1783 854 1830 a.
887 1752 992 1842 ἐπειδὴ
1018 1748 1068 1828 adv
1093 1751 1150 1841 ἤδη
1179 1754 1234 1829 καὶ
1259 1753 1304 1830 σὺ
1329 1750 1545 1864 πεπλήρωσαι
1571 1760 1607 1832 οὐ
1633 1749 1726 1842 μόνον
1752 1758 1815 1831 τῶν
1840 1758 1899 1831 ποῶ
1922 1749 2032 1845 γλινῶ-

454 1912 512 1956 κου
538 1878 683 1991 κρανίων,
708 1878 800 1954 α’λλιὶ
822 1880 877 1956 καὶ
900 1876 960 1967 τοῖς
983 1873 1116 1973 Agrios
1142 1871 1299 1968 βοτάνης,
1324 1880 1361 1967 οἷς
1385 1874 1624 1967 δ’Δνθηδόνιος
1642 1886 1759 1959 ἐκεῖνος
1784 1879 1904 1973 δαίμων
1927 1885 2031 1979 ἔμφο-

452 2006 564 2117 ρηθεός
588 2000 759 2084 ἀθάνατος
783 2000 882 2081 πόλιν
907 2000 927 2092 ἦ
951 2035 999 2083 τις
1024 2001 1151 2094 γέγονε,
1178 2006 1258 2095 λέγε
1282 2008 1356 2095 ἡμῖν
1383 2003 1537 2113 περὶτοῦ
1563 2007 1780 2114 προκειμένου.
1822 2009 1883 2084 De
1900 2009 2031 2100 herba,

454 2159 526 2235 qua
549 2133 712 2207 Glaucus
729 2130 987 2207 Anthedonius
1013 2132 1327 2207 immortalitatem
1352 2148 1599 2233 consequutus
1626 2159 1703 2208 esse
1729 2134 1928 2223 serebatur,
1958 2133 2034 2209 diri

451 2258 621 2333 Analect.
640 2256 840 2332 Alexandr.
869 2284 909 2359 p.
923 2265 1009 2331 238.
1055 2255 1131 2332 Sed
1158 2261 1431 2359 corruptissima
1456 2259 1568 2335 verba
1593 2250 1693 2330 πόλιν
1720 2252 1740 2343 sl
1764 2288 1813 2335 τις
1839 2257 2033 2361 quomodo

453 2380 668 2484 corrigenda
700 2386 773 2456 sint
804 2380 955 2456 difficile
987 2379 1087 2456 dictu
1117 2398 1193 2475 est3
1225 2386 1371 2457 interim
1396 2381 1481 2458 vide
1512 2408 1559 2456 ne
1586 2409 1627 2456 ea
1654 2410 1699 2457 ex
1724 2377 1949 2470 ιὶσπαλιευτές
1973 2385 2034 2459 rel

452 2501 602 2593 ιὶλιευτές
627 2485 800 2609 corrupta
825 2511 909 2582 sint.
951 2504 1144 2581 Praeterea
1170 2523 1324 2581 mutato·
1337 2510 1536 2582 verborum
1563 2507 1693 2583 ordine
1718 2509 1954 2584 scribendum
1980 2513 2032 2584 ri-

454 2632 574 2708 detur:
592 2626 629 2718 ιῖς
647 2623 876 2716 δ’Δνθηδόνιος
888 2634 1004 2707 ἐκεῖνος
1021 2624 1168 2717 ἁλιευπὶς
1186 2628 1385 2739 ἐμφορηθεὶς
1397 2624 1569 2708 ἀθάνατος
1579 2629 1700 2722 δαίμων
1720 2629 1846 2722 γέγονε.
1871 2633 1916 2708 Id
1935 2639 2034 2710 enim

454 2756 526 2833 dici
552 2756 693 2848 debuit,
724 2756 906 2841 Glaucum
924 2773 1064 2859 gustata
1084 2756 1199 2831 herba
1225 2782 1272 2831 ex
1296 2761 1479 2857 piscatore
1503 2758 1749 2832 immortalem
1775 2759 1912 2833 sactum
1938 2785 2029 2833 esse.

593 2882 664 2957 XV
682 2909 721 2984 p.
734 2886 806 2955 683
822 2909 856 2956 a.
896 2877 1069 2989 Νίκανδρος
1102 2877 1134 2954 δ
1168 2884 1200 2954 ἐν
1232 2876 1366 2990 δευτέρῳ
1399 2883 1589 2989 Γεωργικῶν
1625 2878 1818 2973 καταλέγων
1851 2881 1906 2957 καὶ
1937 2879 2034 2960 αὐτός

454 3002 688 3106 στεφανωτικὰ
709 2998 800 3093 ἄνθη
827 3003 882 3082 καὶ
906 3003 979 3114 περὶ
1000 3008 1064 3079 τῶν
1086 2999 1197 3079 'laidus
1222 3008 1369 3104 Νυμφῶν
1394 3004 1450 3080 καὶ
1474 3004 1545 3115 περὶ
1564 3000 1662 3116 ῥόδων
1682 3000 1760 3082 τάδε
1777 3003 1878 3097 λέγει.
1916 3010 2033 3084 Dein·

453 3161 540 3236 ceps
571 3137 737 3234 sequitur
768 3138 995 3234 septuaginta
1026 3130 1185 3207 duorum
1209 3159 1381 3210 versuum
1415 3133 1540 3234 ecloga
1557 3135 1690 3208 'multis
1715 3134 1779 3208 illa
1805 3133 1956 3236 quidem
1981 3139 2035 3211 vi·
2089 3230 2093 3235 .

453 3263 513 3334 tiis
530 3257 747 3348 deformata,
777 3273 813 3330 at
831 3283 991 3358 quorum
1016 3274 1158 3357 partem
1183 3273 1303 3331 tamen
1330 3258 1463 3331 tollere
1489 3259 1628 3332 licebit.
1658 3258 1771 3334 Vct.
1800 3252 1928 3365 λύθρον
1946 3264 2034 3335 scri·

455 3380 619 3456 bendum
637 3407 706 3482 pro
723 3378 860 3488 AdSpss.
889 3381 951 3457 Vs.
964 3389 1000 3454 8.
1022 3376 1168 3490 ἑσπέριος
1186 3373 1374 3478 Νύμφαισιν
1394 3377 1583 3455 Ἰαονίδεσσι
1601 3372 1781 3474 νυχεύσων.
1807 3381 1930 3457 Possis
1947 3409 2034 3458 sane

455 3505 557 3609 quod
584 3532 703 3609 nuper
728 3511 936 3581 coniectum
963 3510 1113 3581 memini
1137 3500 1292 3604 Νύμφαις
1312 3501 1372 3580 σόν
1387 3501 1588 3580 Ἰαονίδεσσι.
1626 3504 1702 3581 Sed
1719 3523 1817 3581 recte
1835 3505 1908 3582 dici
1924 3533 2036 3611 posse

453 3632 599 3709 ridetur
630 3624 774 3724 νυχεόιιι
804 3625 968 3729 Νύμφαις,
1000 3648 1042 3706 ut
1066 3630 1250 3706 Hesiodus
1277 3631 1422 3733 Theog.
1442 3640 1529 3706 212.
1566 3630 1654 3706 dixit
1688 3622 1725 3705 οὕ
1746 3660 1806 3705 τινι
1832 3631 2037 3722 κοιμηθεῖσα

454 3754 526 3832 θεὰ
557 3753 633 3832 τέκε
663 3752 735 3858 Ni}
766 3746 924 3864 ἐρεβεννή.
975 3758 1024 3831 Et
1058 3761 1153 3858 quis.
1172 3760 1288 3832 nescit
1312 3757 1552 3832 Homericum
1584 3750 1656 3830 Sed
1687 3747 1801 3864 βροτῷ
1832 3757 2033 3844 εὐνηθεῖσαῖ

455 3881 552 3956 ves
573 3899 609 3957 et
632 3893 689 3957 10.
719 3887 767 3957 ita
793 3885 832 3955 in
856 3881 960 3956 libris
986 3885 1114 3983 scripti
1138 3897 1241 3956 sunt:

760 4001 863 4112 αὐτὰρ
889 3996 1139 4086 ἀκανθοβόλοιο
1165 3998 1256 4113 ῥόδου
1283 4000 1482 4096 κατατέμνεο
1505 3995 1679 4093 βλάστας,

761 4122 896 4235 τάφροις
920 4133 952 4204 τ’
979 4124 1166 4231 ἐμπήξειας,
1192 4125 1261 4203 ὁδόν
1286 4124 1492 4205 δλπιέλαιστα
1518 4126 1694 4205 τελέσκων.
1725 4188 1729 4196 .

455 4255 499 4343 ln
526 4253 581 4329 his
608 4244 677 4327 ὁδόν
702 4256 987 4355 interpretantur
1014 4252 1061 4328 de
1087 4255 1280 4331 intervallo
1307 4260 1403 4330 inter
1428 4255 1522 4330 duos
1540 4282 1707 4358 quosque
1726 4282 1891 4331 rosarum
1908 4284 2034 4330 surcu-

456 4379 514 4452 los
538 4377 798 4481 relinquendo.
852 4377 895 4452 Id
923 4404 1011 4454 vero
1038 4375 1106 4456 ὁδός
1131 4379 1204 4454 dici
1230 4406 1307 4454 non
1334 4385 1469 4481 potuit.
1525 4379 1681 4482 Scripsit
1704 4396 1816 4481 poeta
1841 4370 1915 4451 όσον
1939 4374 2035 4454 διπιέ-
2089 4462 2114 4471 ,-

455 4513 581 4573 λαιστα
603 4497 778 4574 τελέσκων.
831 4502 1029 4605 Sequentia
1056 4508 1196 4606 egregie
1223 4504 1410 4606 expedivit
1436 4502 1812 4603 Schweighaeuserus.
1869 4501 2032 4598 Odonia,

457 4653 568 4730 quam
600 4652 620 4699 a
650 4652 816 4701 rosarum
846 4633 1063 4728 praestantia
1097 4627 1331 4703 commendat
1362 4643 1488 4728 poeta,
1525 4631 1626 4700 omni
1651 4626 1784 4702 florum
1811 4653 1943 4728 genero
1971 4634 2034 4705 ab·

455 4750 624 4846 undasse,
660 4754 769 4829 etiam
799 4750 892 4831 illud
924 4751 1061 4830 indicio
1096 4771 1163 4849 est,
1200 4752 1303 4856 quod
1335 4752 1437 4829 luere
1465 4755 1530 4854 qui
1554 4749 1798 4854 Proserpinae
1824 4771 1970 4857 raptum
1996 4760 2036 4831 in
