4492 5686
1205 222 1378 303 30.

865 478 948 571 πλὴν
975 475 1030 570 τίνι
1051 477 1236 569 ’λθηναίων
1262 477 1299 555 τί
1320 474 1464 556 κωλιίσει
1490 475 1594 565 πάλιν,

864 611 919 705 ὑφ’
946 602 982 694 ἧς
1007 598 1149 684 ἅπαντές
1173 608 1230 679 εἰτ’
1258 599 1550 715 ἕτηνωρθωμάνοι;

440 735 684 837 Quamquam,
702 735 836 836 inquit,
867 731 957 834 quid
973 732 1216 807 Athenienses
1238 729 1427 834 impediet,
1454 735 1519 834 qui
1540 733 1670 805 ceteris
1690 729 1841 806 Graecis
1860 736 2025 808 omnium

439 885 562 934 rerum
588 884 717 932 norma
744 856 969 932 extiterunt?
1000 855 1175 930 Eiusdem
1195 853 1344 957 eclogae
1367 882 1422 930 vs.
1447 864 1488 927 2¹
1521 853 1660 930 editur:

878 974 924 1052 διδ
950 980 1007 1066 τῆς
1031 974 1148 1069 μανίας
1172 975 1313 1088 ἔπίρρκμ
1340 975 1482 1056 ἐκτείνας
1507 974 1600 1052 δοκεῖ

880 1098 1022 1177 καλέσαι
1047 1131 1096 1179 τις
1121 1098 1217 1189 αὐτὴν
1243 1104 1307 1177 τῶν
1333 1105 1479 1211 ἐραστῶν
1504 1099 1638 1176 Μανίαν.

442 1227 686 1306 scribendum
719 1226 864 1304 ridetur
896 1220 943 1300 διδ
977 1228 1034 1314 τῆς
1063 1224 1179 1316 μανίας
1210 1218 1373 1336 ῥημάτιον,
1405 1228 1468 1302 cll.
1499 1236 1543 1300 18
1577 1218 1728 1336 ῥημάτιον
1753 1221 1839 1300 εὐθὺ
1867 1220 2026 1328 (robert)

441 1356 537 1428 τοῦτο
564 1346 678 1443 μανίαν
704 1341 839 1428 ἀνεβίω
865 1352 930 1425 Vs.
956 1359 1003 1423 23
1031 1349 1266 1424 scribendum
1293 1344 1329 1422 τδ
1356 1343 1518 1459 πάρεργον
1544 1346 1577 1424 δ’
1603 1342 1801 1460 ἕπειιράτησ’
1825 1341 1845 1437 ἢ
1873 1343 2025 1442 τοῦνομα.

440 1479 484 1552 In
512 1478 750 1579 sequentihus
775 1475 936 1549 Maniam
961 1472 1106 1577 lapide,
1141 1471 1395 1548 Gnathaenam
1420 1492 1543 1550 autem
1569 1470 1678 1568 κοιλίᾳ
1701 1469 1947 1584 προτετεστίρᾳ
1971 1475 2025 1548 la·

441 1603 590 1676 boraaae
617 1598 718 1674 dicit.
774 1599 872 1673 Tum
897 1601 1017 1701 pergit
1041 1625 1096 1673 rs.
1119 1598 1181 1671 27:

801 1715 887 1811 μετά
913 1723 1019 1794 ταῦτα
1045 1716 1077 1792 δ’
1103 1723 1123 1806 ἡ
1148 1713 1322 1794 Γνάθαινα
1347 1717 1427 1830 πρὸς
1450 1717 1508 1808 τήν
1533 1718 1655 1796 Μανίαν

799 1840 985 1952 ἐλοιδορεῖτο
1012 1839 1067 1917 καί
1090 1838 1181 1933 λέγει
1205 1841 1265 1927 ,,τί
1284 1847 1391 1929 τοῦτο,
1418 1851 1486 1919 παῖ
1490 1876 1500 1939 ;

800 1973 830 2041 εἴ
852 1963 885 2040 δὲ
908 1963 1007 2040 λίθον
1033 1961 1143 2061 ὤρεξ’
1158 2014 1196 2027 -
1213 1960 1424 2047 ὑπολαβοῦο*
1450 1973 1469 2055 ἡ
1495 1966 1613 2054 Μανία,

801 2084 892 2166 ἔδωκ’
919 2084 968 2174 dv,
993 2086 1028 2163 ἵν’
1054 2085 1147 2189 ἔχῃς,
1174 2084 1266 2190 φάτ’,
1292 2088 1520 2181 ἀποψᾶσθαι,
1546 2086 1661 2166 τάλαν.

444 2219 683 2297 Gnathaenae
717 2218 830 2292 verba
862 2217 958 2291 male
990 2217 1101 2318 vulgo
1133 2217 1319 2292 intellecta
1352 2244 1431 2292 non
1460 2233 1561 2292 recte
1594 2221 1643 2290 ita
1677 2215 1965 2319 distinguuntur:
1994 2214 2031 2290 τί

443 2346 552 2426 τοῦτο,
579 2348 651 2425 παῖ,
678 2346 706 2414 εἰ
728 2336 762 2415 δὲ
785 2337 884 2413 λίθον
910 2335 1015 2434 εἶχες
1042 2341 1227 2415 Nimirum
1252 2342 1494 2443 proverbialis
1521 2338 1669 2414 dicendi
1694 2340 1812 2414 forma
1833 2358 1911 2416 erat
1930 2346 1958 2413 εἰ
1975 2336 2025 2412 λί-

443 2467 509 2542 θον
533 2463 633 2560 rigeo,
657 2470 696 2540 in
725 2491 789 2539 eos
817 2469 886 2540 iaci
917 2465 1025 2539 solita
1051 2470 1116 2568 qui
1140 2464 1185 2540 ad
1213 2463 1493 2540 conviciandum
1520 2481 1639 2539 esseut
1663 2468 1854 2568 propensi.
1883 2464 1929 2538 V.
1955 2464 2025 2540 Pa-

444 2596 643 2692 roemiogr.
679 2592 778 2691 App.
814 2588 920 2663 Gott.
957 2616 997 2690 p.
1024 2593 1112 2662 396.
1143 2593 1172 2660 εί
1202 2585 1257 2661 καί
1287 2585 1375 2687 (δέῗ)
1407 2584 1507 2660 λίθον
1538 2583 1648 2679 etgar:
1684 2586 1789 2662 λείπει
1818 2583 1857 2662 τδ
1885 2579 2022 2669 ἔβαλες.

444 2713 576 2789 ἐπὶτῶν
595 2708 778 2821 προχείρως
795 2703 1013 2803 ὃνειδιζάντων.
1060 2709 1121 2785 Ad
1148 2710 1303 2787 eandem
1328 2737 1496 2786 normam
1524 2710 1758 2813 refingendue
1779 2712 1915 2786 Athen.
1932 2712 2026 2785 XIII

444 2868 484 2944 p.
507 2844 580 2914 584
600 2865 633 2912 c.
661 2838 728 2909 uhi
755 2832 882 2911 eadem
909 2833 955 2910 de
980 2832 1128 2938 Phryne
1155 2851 1193 2909 et
1218 2835 1435 2910 Gnathaena
1461 2851 1666 2909 narrantur.
1720 2834 1914 2910 Postremo
1940 2834 2024 2909 illo·

444 2993 528 3038 rum
553 2988 723 3037 versuum
749 2976 878 3034 notatu
905 2956 1055 3061 dignum
1081 2975 1136 3033 est
1159 2950 1264 3032 τάλαν
1291 2960 1466 3034 feminine
1492 2957 1643 3034 dictum.
1697 2958 1742 3032 In
1757 2956 1920 3033 eiusdem
1938 2963 2025 3033 scri·

444 3091 563 3192 ptoris
589 3086 675 3159 loco
702 3083 759 3158 lit.
783 3083 811 3157 s.
847 3099 947 3157 recte
971 3081 1059 3156 libri
1089 3081 1227 3158 habent
1260 3079 1315 3156 καί
1340 3086 1467 3176 συνεῖχ’
1496 3079 1593 3170 αὐτὴν
1619 3074 1713 3173 μένος
1736 3076 1883 3174 γαμετῆς
1909 3074 2025 3191 τρίτον

443 3203 614 3300 γυναικάς,
651 3209 717 3280 ubi
752 3206 948 3280 Dobraeus
986 3207 1169 3279 scrihebat
1209 3203 1265 3279 καί
1295 3208 1391 3292 συνῆν
1423 3208 1515 3304 αὐτῇ.
1573 3204 1653 3282 Csr.
1679 3206 1891 3281 Athenaeus
1915 3206 2023 3298 XIII,

443 3362 485 3437 p.
508 3337 580 3406 563
603 3330 630 3403 f.
655 3326 763 3406 οἵτινες
787 3322 890 3436 μέχρι
915 3323 1001 3400 dard
1029 3324 1084 3400 καί
1108 3323 1227 3400 εἴκοσιν
1253 3329 1331 3401 ἐτῶν
1358 3322 1419 3399 δεῖν
1444 3323 1561 3415 λέγετε
1581 3323 1730 3419 συνέχειν
1753 3324 1828 3404 τούς
1844 3324 2025 3435 ἐρωμένους.

584 3453 680 3528 XIII
703 3481 743 3557 p.
760 3453 887 3527 oreb.
941 3449 1097 3526 Machor
1132 3445 1345 3541 ἀνισταμένης
1374 3479 1412 3524 τε
1442 3441 1607 3528 πολλάκις
1638 3454 1680 3528 εἷς
1706 3442 1878 3524 δασύποδα
1903 3447 2026 3553 {udalr

444 3581 636 3691 ἐπικροῦσαι
666 3567 876 3669 βουλάμενος.
926 3574 1007 3649 Nisi
1041 3572 1151 3650 altior
1176 3576 1387 3679 corruptela
1410 3575 1521 3667 latet,
1550 3600 1620 3678 pro
1647 3566 1820 3650 δασύποδα
1844 3581 2025 3653 coniicere

444 3710 563 3810 poesis
589 3695 787 3778 λασιίτοδα.
837 3698 983 3774 Ibidem
1008 3698 1065 3773 lit.
1086 3726 1120 3774 c.
1154 3704 1419 3803 corruptissimi
1443 3699 1615 3802 leguntur
1639 3726 1782 3775 versus:

802 3827 818 3897 ὃ
844 3819 878 3897 δὲ
903 3814 1106 3932 στρατιώτης
1130 3814 1194 3896 ὑπά
1218 3853 1250 3896 τι
1275 3814 1537 3934 σκυθρωπάσας

803 3942 990 4040 ἀπέπεμψε
1014 3939 1145 4034 ταύτην,
1172 3942 1371 4022 διαλιποῦσα
1395 3943 1426 4021 δ
1451 3949 1470 4034 ἡ
1496 3941 1607 4056 ἑταίρα

803 4127 826 4154 ,,
834 4067 927 4163 μηδὲν
953 4067 1046 4178 παρὰ
1070 4074 1177 4155 τοῦτο,
1204 4065 1297 4170 φησί,
1322 4072 1429 4144 λυποῦ
1456 4067 1623 4169 φίλτατε”
1642 4117 1682 4132 -

448 4201 618 4297 Quorum
646 4199 768 4301 primo
800 4193 997 4295 legendum
1022 4186 1086 4267 ὑτά
1111 4225 1142 4268 τι
1168 4189 1205 4282 δῖ
1233 4187 1505 4303 σκυθρωπάσας.
1560 4196 1761 4299 Sequentia
1788 4195 2025 4298 expluribus

447 4339 633 4399 contracta
666 4318 838 4397 videntur
868 4316 1083 4411 Dindorfio,
1112 4323 1151 4393 in
1180 4344 1255 4422 quo
1282 4346 1360 4393 non
1388 4325 1571 4396 ascentior
1595 4326 1675 4396 viro
1702 4319 1926 4411 doctissimo,
1959 4317 2023 4392 aed

446 4473 517 4551 pro
550 4448 569 4531 ἡ
596 4442 706 4552 ἑταίρα
737 4442 972 4518 scribendum
1006 4444 1165 4518 arbitror
1194 4439 1313 4552 ἠρέμα,
1349 4442 1449 4548 quod
1482 4471 1565 4519 cum
1598 4441 1686 4542 φησί
1712 4441 2021 4544 coniungendum.

446 4573 491 4646 In
518 4568 646 4645 eadem
674 4569 799 4670 ecloga
827 4594 920 4670 quae
946 4566 1118 4668 leguntur
1142 4567 1229 4644 inde
1252 4595 1344 4644 ava.
1363 4571 1409 4642 27
1433 4569 1675 4671 intelligerem
1693 4572 1745 4644 aie
1764 4570 1898 4671 scripta
1919 4559 2024 4675 πάτερ’

448 4689 511 4767 ἄνα
545 4690 658 4768 θέλεις
691 4689 836 4764 ἕλθοῦσ’
865 4695 1053 4774 ἀναπεσεῖν,
1087 4681 1244 4788 ladem
1278 4691 1400 4792 Vulgo
1431 4682 1504 4784 ἅμα
1526 4682 1646 4774 βαλεῖν
1672 4693 1822 4797 legitur,
1852 4717 1923 4795 pro
1949 4716 2024 4794 quo
