4492 5686
1098 255 1146 327 34

1006 368 1240 396 mmmm

333 514 512 613 (Armenii
540 511 723 610 Thessali)
758 507 858 610 φασὶν
886 506 1050 599 ἕποι’ννμον
1076 499 1130 596 τὴν
1152 506 1319 619 Ἀρμενίαν
1352 514 1380 581 οῖ
1410 508 1479 619 περὶ
1504 506 1661 617 Κυρσίλον
1693 506 1746 584 τὸν
1780 503 1914 619 Φαρσά-

332 653 398 712 λιον
422 637 477 713 ιιιά
500 631 616 728 Μήδιον
642 632 696 711 τδν
721 642 904 747 Λαρισαῖοι,
935 629 1046 746 ἀνδρες
1073 628 1387 745 σννεστρατενιοίτες
1408 629 1619 745 Ἀλεξάνδρῳ.
1673 637 1752 712 Cfr.
1782 639 1913 712 Lucia-

1907 759 1916 790 l

331 793 399 842 nus
425 767 593 841 Macrob.
624 791 705 868 cap.
723 776 781 839 11.
806 761 988 853 Ἀντίγονος
1021 759 1053 836 δὲ
1085 758 1150 840 ὑιδς
1179 759 1234 847 μὲν
1258 754 1293 851 ἦν
1320 760 1502 872 Δημητρίου
1521 808 1561 822 -
1581 756 1670 840 οἶτος
1693 757 1835 871 τίτταρα
1861 792 1916 836 και

331 886 576 1000 τετταράκοντα
595 883 787 966 Μακεδίνοιν
808 883 1028 973 ἐβασίλευσεν
1050 884 1115 976 ἔπη,
1135 881 1259 970 ἐβίωσε
1281 885 1313 962 δὲ
1334 882 1541 978 ὀγδοήκοντα,
1571 893 1611 966 ὠς
1631 882 1748 976 Μίδιίς
1767 919 1804 963 τε
1824 894 1912 963 ἱστο-

332 1025 383 1130 ρεῖ
404 1019 459 1094 καὶ
484 1013 579 1092 ἀλλοι
605 1024 823 1126 συγγραφεῖς.
875 1020 932 1091 Ex
964 1046 1039 1121 quo
1075 1045 1158 1092 eum
1185 1043 1294 1120 supra
1320 1017 1496 1118 Antigoni
1522 1032 1677 1090 aetatem
1704 1021 1832 1092 vixisse
1858 1020 1915 1089 iu·

331 1148 519 1249 telligitur,
559 1147 703 1248 fuitque
738 1144 850 1218 haud·
875 1144 986 1219 dubie
1021 1148 1248 1248 cognationis
1280 1144 1429 1220 vinculo
1471 1147 1686 1217 coniunctus
1724 1172 1808 1217 cum
1847 1142 1913 1216 illo

330 1272 471 1364 Medio,
512 1277 576 1375 qui
612 1271 764 1375 Olymp.
796 1275 857 1362 96,
887 1279 922 1344 2.
958 1299 1042 1346 cum
1075 1270 1340 1374 Lycophrone,
1379 1269 1628 1344 Pheraeorum
1659 1286 1829 1373 tyranno,
1868 1267 1913 1342 de

331 1400 543 1499 Thessaliae
569 1401 777 1500 principatu
803 1397 967 1472 bellavit.
1012 1398 1058 1472 V.
1087 1396 1247 1471 Diodor.
1279 1397 1353 1472 sic.
1383 1397 1491 1488 XIV,
1515 1405 1576 1470 82.
1598 1396 1659 1469 cll.
1688 1396 1914 1469 Buttmanno

330 1525 491 1630 lllythol.
511 1525 549 1598 II
566 1552 604 1627 p.
619 1528 705 1597 286.
746 1522 922 1598 Ceterum
947 1550 1085 1598 nomen
1110 1524 1183 1598 hoc
1210 1540 1420 1599 constanter
1447 1526 1618 1598 scribitur
1643 1515 1772 1615 Μήδος,
1801 1520 1913 1623 idque

331 1658 439 1729 etiam
465 1651 659 1726 Athenaeo
687 1650 965 1726 restituendum.

471 1779 508 1852 X
523 1806 562 1880 p.
576 1780 648 1849 tat
663 1804 695 1851 a.
727 1777 1014 1879 Theopompus:
1045 1775 1100 1850 nai
1121 1780 1304 1886 Ἱππαρῖνον
1332 1772 1435 1850 δὲτόν
1456 1778 1513 1850 τού
1531 1771 1700 1849 Διονυσίου
1727 1773 1822 1875 φησὶν
1849 1768 1913 1847 ὐπδ

329 1900 439 1997 μέθης
464 1932 678 2013 τυραννονντα
705 1905 953 2001 ἀποσφαγῆναι.
1007 1902 1107 1996 Quid
1134 1908 1179 1977 sit
1211 1898 1274 1976 ὑπὸ
1300 1899 1409 1991 με’ὃης
1434 1909 1592 2012 τυραννεῖν
1626 1928 1703 1977 non
1729 1901 1908 2001 intelligo.

330 2033 575 2135 Hipparinum
604 2033 745 2105 ebrium
773 2057 792 2103 a
818 2056 950 2132 puero,
982 2057 1093 2132 quem
1112 2029 1309 2133 deperiret,
1339 2031 1573 2104 interfectum
1592 2055 1669 2104 esse
1687 2045 1807 2103 narrat
1824 2028 1911 2102 Par-

330 2159 474 2233 thenius
493 2159 598 2231 Erot.
623 2163 683 2230 21.
740 2157 836 2231 Ilinc
859 2157 1148 2260 Theopompum
1176 2160 1359 2259 scripsisse
1385 2160 1552 2259 suspicor
1576 2151 1639 2227 ὑπὸ
1665 2148 1773 2244 μέθης
1800 2182 1912 2260 παροι-

330 2286 443 2359 νούντα
469 2273 762 2390 1.1..ὐίάρίζοντα.

471 2409 510 2482 X
529 2435 568 2510 p.
583 2414 653 2480 453
670 2434 702 2481 a.
736 2403 886 2514 λοιδορῶν
918 2403 1013 2481 αὐτδν
1047 2411 1088 2484 ὡς
1115 2401 1321 2515 εὐρύστομον.
1356 2407 1479 2484 Codd.
1508 2407 1542 2480 A
1570 2424 1606 2481 et
1631 2406 1661 2480 P
1690 2409 1730 2483 ὡς
1757 2410 1799 2483 εἰς
1823 2398 1911 2513 εὐρύ-

330 2562 462 2625 στομον.
509 2532 621 2627 Quod
640 2531 901 2624 revocandum,
932 2549 993 2607 aut
1011 2537 1040 2606 si
1068 2532 1281 2606 alterutrum
1309 2532 1520 2623 delendum,
1551 2532 1749 2607 delendum
1777 2536 1819 2609 ἀς
1843 2557 1911 2635 po·

330 2667 400 2737 tius
428 2685 538 2763 quam
564 2662 616 2736 εἰς.
668 2657 830 2731 Machon
856 2657 993 2731 Athen.
1020 2657 1114 2730 XIII
1130 2662 1251 2759 p.581
1274 2683 1306 2730 e.
1342 2648 1511 2730 ἔσκωπτεν
1538 2662 1580 2732 εἷς
1600 2653 1740 2729 Ἄδωνιν.
1793 2661 1912 2759 Hege-

330 2786 461 2865 sander
486 2785 523 2860 X
540 2813 579 2888 p.
594 2789 665 2856 tlt
681 2781 718 2857 d.
748 2784 764 2854 ὁ
791 2777 925 2873 Κομηάν
951 2788 993 2859 εἰς
1020 2771 1183 2869 κυβευτὴν
1205 2775 1369 2856 σκώπτων
1395 2778 1449 2856 τδν
1471 2778 1688 2882 Ῥοδοφῶντα.
1725 2782 1829 2877 Quae
1855 2808 1911 2856 se·

332 2931 495 3018 quuntur
512 2910 609 3015 apud
629 2909 878 2985 Athenaeum:
911 2901 1134 3017 ἀρχαιίτατος
1153 2903 1184 2982 δ’
1198 2905 1284 2983 ἐστὶν
1303 2905 1465 2999 ὁλογιιιδς
1483 2915 1600 3018 γρῖφος
1622 2905 1676 2983 nai
1688 2912 1744 2996 τῆς
1763 2911 1821 2982 τού
1839 2937 1911 3017 γρι-

332 3034 436 3141 φεύειν
463 3031 594 3138 φύσεοις
622 3030 814 3112 οἰοιειίτατος
840 3030 913 3118 »Τί
930 3028 1051 3113 πάντες
1077 3039 1137 3109 οὐκ
1162 3030 1371 3128 ἓτιστάμενοι
1397 3029 1629 3123 διδάσιοομεν;”
1650 3029 1912 3120 κα1,,τίταύιόν

332 3164 470 3255 οὐδαμοῦ
498 3163 551 3238 καὶ
577 3161 793 3255 sarcago&
820 3159 875 3234 nai
905 3157 984 3270 spis
1016 3155 1140 3240 τούτοις
1170 3159 1230 3246 ,,τί
1256 3159 1372 3237 ταύτὸν
1405 3167 1436 3236 ἓν
1470 3165 1589 3272 οὐρανῷ
1616 3160 1671 3237 καὶ
1694 3161 1746 3237 ἐπὶ
1770 3164 1832 3251 γῆς
1858 3158 1913 3234 nal

331 3296 361 3362 ἓν
389 3283 590 3384 θαλάπτη;”
642 3291 742 3362 Haec
777 3286 993 3390 griphorum
1021 3290 1187 3391 exempla
1223 3295 1371 3362 metrica
1405 3306 1501 3362 sunt.
1552 3292 1597 3362 In
1631 3289 1793 3363 secundo
1827 3305 1913 3390 post

331 3407 448 3489 ταύτίν
475 3410 807 3488 111111111111111ἓστύ.
860 3414 919 3489 Ad
952 3419 1049 3489 tertii
1076 3415 1195 3518 griphi
1223 3414 1443 3517 exemplum,
1475 3412 1576 3516 quod
1603 3418 1653 3488 ita
1676 3412 1911 3489 scribendum

185 3567 193 3578 ’
260 3572 268 3595 ·
331 3541 477 3618 videtur
502 3535 539 3613 τί
559 3533 676 3614 ταύτόν
703 3544 776 3615 ἔστ’
803 3545 834 3613 ἕν
862 3543 980 3649 οὐρανῷ
1004 3545 1065 3614 κάν
1091 3543 1134 3640 ’γῇ
1160 3571 1196 3616 τε
1232 3537 1287 3615 καὶ
1316 3533 1487 3638 θαλάπτη,
1519 3541 1783 3642 Aristophanes
1810 3567 1910 3615 com-

330 3673 455 3772 posuit
485 3672 649 3770 aenigma
681 3666 727 3742 de
756 3667 964 3771 Cleonymo
992 3668 1103 3770 Vesp.
1141 3676 1183 3740 21
1213 3695 1269 3770 sq.
1305 3670 1375 3745 πῶς
1408 3660 1502 3754 δι’-
1526 3657 1574 3741 ira
1600 3661 1716 3742 rosiris
1741 3672 1772 3740 ἓν
1802 3670 1846 3764 γῇ
1878 3669 1910 3740 τ’

331 3786 503 3875 ἀπέβαλεν
532 3797 592 3868 κάν
620 3796 739 3903 οὐρανῷ
767 3797 826 3867 ιιάν
854 3797 893 3892 τῷ
918 3787 1080 3890 θαλάττη
1106 3790 1219 3901 θηρίον
1246 3789 1301 3879 την
1326 3790 1469 3879 ἀσπίδα;

403 3958 406 3963 ·
471 3921 508 3992 X
525 3948 563 4022 p.
579 3923 651 3995 157
666 3949 698 3996 c.
721 3921 921 3998 Clearchus
948 3938 1089 3997 veteres
1114 3924 1211 3994 inter
1235 3920 1371 4022 pocula
1397 3947 1473 3994 non
1499 3920 1698 3995 illiberales
1724 3944 1910 3994 sermones

333 4043 528 4120 contulisse
556 4045 656 4135 dicit,
687 4043 778 4120 ἀλλά
802 4049 930 4137 μᾶλλον
957 4043 1017 4124 τάς
1047 4047 1198 4123 τοιαύτας
1225 4038 1413 4146 (ζητήσεις),
1440 4049 1485 4140 τῷ
1518 4038 1635 4154 προίτῷ
1661 4041 1737 4123 ἔπος
1762 4034 1910 4136 ἰαμβεῖον

331 4161 448 4243 εἰπίντι
481 4163 517 4241 τδ
551 4162 705 4261 ἕχίμενον
736 4163 875 4246 ἕκαστον
905 4167 1022 4260 λέγειν,
1056 4170 1111 4246 καὶ
1141 4175 1187 4267 τῷ
1214 4165 1392 4272 κεφάλαιον
1419 4164 1537 4246 εἰπόντι
1563 4176 1718 4246 ἀντειπεῖν
1744 4167 1781 4247 τὸ
1805 4167 1911 4279 ἐτέρου

331 4297 461 4384 ποιητοῦ
492 4324 584 4378 τινος,
617 4301 646 4369 εἰ
674 4291 730 4383 τὴν
757 4292 853 4384 αὐτὴν
879 4293 947 4370 εῖπε
974 4295 1105 4399 (ἀχεῖ)
1131 4292 1278 4390 γνώμην·
1314 4291 1362 4373 ἔτι
1390 4295 1422 4372 δὲ
1452 4294 1557 4388 λέγειν
1584 4290 1724 4373 ἕκαστον
1750 4287 1909 4382 ἰαμβεῖον.

333 4421 553 4497 Casaubono
586 4413 736 4512 ἰαμβεῖον
768 4423 869 4526 quod
902 4443 986 4526 post
1019 4418 1096 4503 ἔπος
1126 4426 1258 4529 legitur
1290 4425 1427 4501 delenti
1458 4453 1536 4501 nou
1573 4428 1756 4500 assentiar.
1811 4421 1909 4497 Scri·

329 4546 494 4622 bendum
526 4552 648 4650 potius
680 4541 756 4627 ἔπος
783 4539 803 4637 i
827 4541 987 4640 ἰαμβεῖον.
1040 4553 1123 4626 Hoc
1158 4557 1255 4626 enim
1288 4552 1360 4626 dici
1395 4552 1563 4628 debuisse
1595 4550 1757 4628 videtur:
1796 4576 1911 4652 quum

329 4701 423 4750 unus
452 4678 546 4776 epici
572 4674 630 4749 vel
658 4675 845 4750 dramatici
871 4695 1003 4778 poetae
1029 4705 1172 4754 versum
1199 4678 1425 4781 protulisset,
1463 4680 1555 4755 alter
1582 4679 1748 4770 alterum,
1783 4681 1910 4752 tertius

330 4807 476 4879 tertium
502 4806 654 4877 recitare
680 4805 886 4878 tenebatur.
942 4805 987 4879 Ε.
1018 4833 1050 4881 c.
1084 4809 1224 4909 primus
1254 4807 1432 4881 recitabat
1456 4798 1555 4914 ἀνδρα
1579 4835 1634 4898 μοι
1659 4797 1767 4880 ἔννεπε
1792 4804 1911 4879 Μοῖσα
