<?xml version="1.0" encoding="UTF-8"?>
<!DOCTYPE html PUBLIC "-//W3C//DTD XHTML 1.0 Transitional//EN"
    "http://www.w3.org/TR/xhtml1/DTD/xhtml1-transitional.dtd">
<html xmlns="http://www.w3.org/1999/xhtml" xml:lang="en" lang="en">
 <head>
  <title>
</title>
<meta http-equiv="Content-Type" content="text/html;charset=utf-8" />
  <meta name='ocr-system' content='tesseract 3.04.00' />
  <meta name='ocr-capabilities' content='ocr_page ocr_carea ocr_par ocr_line ocrx_word'/>
</head>
<body>
  <div class='ocr_page' id='page_1' title='image "./philologicarume00meingoog_0101.png"; bbox 0 0 4492 5686; ppageno 0'>
   <div class='ocr_carea' id='block_1_1' title="bbox 1103 214 1147 286">
    <p class='ocr_par' dir='ltr' id='par_1_1' title="bbox 1103 214 1147 286">
     <span class='ocr_line' id='line_1_1' title="bbox 1103 214 1147 286; baseline -0.023 0"><span class='ocrx_word' id='word_1_1' title='bbox 1103 214 1147 286; x_wconf 82' lang='grc'><strong>41</strong></span> 
     </span>
    </p>
   </div>
   <div class='ocr_carea' id='block_1_2' title="bbox 1010 328 1244 355">
    <p class='ocr_par' dir='ltr' id='par_1_2' title="bbox 1010 328 1244 355">
     <span class='ocr_line' id='line_1_2' title="bbox 1010 328 1244 355; baseline -0.004 0"><span class='ocrx_word' id='word_1_2' title='bbox 1010 328 1244 355; x_wconf 64' lang='lat' dir='ltr'><strong>mmm</strong></span> 
     </span>
    </p>
   </div>
   <div class='ocr_carea' id='block_1_3' title="bbox 216 461 1920 572">
    <p class='ocr_par' dir='ltr' id='par_1_3' title="bbox 216 461 1920 572">
     <span class='ocr_line' id='line_1_3' title="bbox 216 461 1920 572; baseline 0 -27"><span class='ocrx_word' id='word_1_3' title='bbox 216 546 218 551; x_wconf 71' lang='grc'><em>,</em></span> <span class='ocrx_word' id='word_1_4' title='bbox 336 468 429 569; x_wconf 83' lang='grc' dir='ltr'><em>μένης</em></span> <span class='ocrx_word' id='word_1_5' title='bbox 454 464 572 545; x_wconf 79' lang='grc' dir='ltr'><em>όουσα.</em></span> <span class='ocrx_word' id='word_1_6' title='bbox 623 469 711 544; x_wconf 92' lang='lat' dir='ltr'><strong>Non</strong></span> <span class='ocrx_word' id='word_1_7' title='bbox 745 468 881 543; x_wconf 86' lang='lat' dir='ltr'><strong>sufficit</strong></span> <span class='ocrx_word' id='word_1_8' title='bbox 914 467 1015 571; x_wconf 93' lang='lat' dir='ltr'><strong>quod</strong></span> <span class='ocrx_word' id='word_1_9' title='bbox 1049 468 1228 545; x_wconf 88' lang='lat' dir='ltr'><strong>Canterus</strong></span> <span class='ocrx_word' id='word_1_10' title='bbox 1260 495 1329 572; x_wconf 91' lang='lat' dir='ltr'><strong>pro</strong></span> <span class='ocrx_word' id='word_1_11' title='bbox 1364 461 1471 542; x_wconf 80' lang='grc' dir='ltr'><em>όουσα</em></span> <span class='ocrx_word' id='word_1_12' title='bbox 1501 467 1735 543; x_wconf 87' lang='lat' dir='ltr'><strong>scribendum</strong></span> <span class='ocrx_word' id='word_1_13' title='bbox 1761 474 1920 546; x_wconf 87' lang='lat' dir='ltr'><strong>coniecit</strong></span> 
     </span>
    </p>
   </div>
   <div class='ocr_carea' id='block_1_4' title="bbox 328 593 1917 4769">
    <p class='ocr_par' dir='ltr' id='par_1_4' title="bbox 334 593 1761 826">
     <span class='ocr_line' id='line_1_4' title="bbox 334 593 1761 694; baseline -0.001 -25"><span class='ocrx_word' id='word_1_14' title='bbox 334 597 481 678; x_wconf 76' lang='grc' dir='ltr'><em>ἀνιοῦσα,</em></span> <span class='ocrx_word' id='word_1_15' title='bbox 509 622 550 668; x_wconf 89' lang='lat' dir='ltr'><strong>ac</strong></span> <span class='ocrx_word' id='word_1_16' title='bbox 577 619 707 669; x_wconf 86' lang='lat' dir='ltr'><strong>vereor</strong></span> <span class='ocrx_word' id='word_1_17' title='bbox 731 619 778 667; x_wconf 92' lang='lat' dir='ltr'><strong>ne</strong></span> <span class='ocrx_word' id='word_1_18' title='bbox 806 597 947 694; x_wconf 84' lang='lat' dir='ltr'><strong>gravius</strong></span> <span class='ocrx_word' id='word_1_19' title='bbox 973 597 1100 668; x_wconf 85' lang='lat' dir='ltr'><strong>vitium</strong></span> <span class='ocrx_word' id='word_1_20' title='bbox 1128 593 1251 687; x_wconf 85' lang='lat' dir='ltr'><strong>lateat,</strong></span> <span class='ocrx_word' id='word_1_21' title='bbox 1282 600 1330 669; x_wconf 90' lang='lat' dir='ltr'><strong>ita</strong></span> <span class='ocrx_word' id='word_1_22' title='bbox 1356 594 1509 667; x_wconf 86' lang='lat' dir='ltr'><strong>fortasse</strong></span> <span class='ocrx_word' id='word_1_23' title='bbox 1535 593 1761 668; x_wconf 86' lang='lat' dir='ltr'><strong>tollendum:</strong></span> 
     </span>
     <span class='ocr_line' id='line_1_5' title="bbox 695 710 1548 826; baseline 0.001 -37"><span class='ocrx_word' id='word_1_24' title='bbox 695 712 787 818; x_wconf 79' lang='grc' dir='ltr'><em>φλόξ</em></span> <span class='ocrx_word' id='word_1_25' title='bbox 812 712 845 790; x_wconf 76' lang='grc' dir='ltr'><strong>δὲ</strong></span> <span class='ocrx_word' id='word_1_26' title='bbox 870 715 953 790; x_wconf 71' lang='grc' dir='ltr'><em>θεοῦ</em></span> <span class='ocrx_word' id='word_1_27' title='bbox 981 718 1119 814; x_wconf 82' lang='grc' dir='ltr'><em>αὖγῆσιν</em></span> <span class='ocrx_word' id='word_1_28' title='bbox 1145 711 1346 826; x_wconf 66' lang='grc' dir='ltr'><em>ἆνερχμὲνου</em></span> <span class='ocrx_word' id='word_1_29' title='bbox 1372 710 1548 809; x_wconf 76' lang='grc' dir='ltr'><em>ι’σόζουσα,</em></span> 
     </span>
    </p>

    <p class='ocr_par' dir='ltr' id='par_1_5' title="bbox 332 834 1917 1444">
     <span class='ocr_line' id='line_1_6' title="bbox 332 834 1916 949; baseline 0.001 -33"><span class='ocrx_word' id='word_1_30' title='bbox 332 848 359 917; x_wconf 89' lang='lat' dir='ltr'><strong>i.</strong></span> <span class='ocrx_word' id='word_1_31' title='bbox 380 868 414 918; x_wconf 86' lang='lat' dir='ltr'><strong>e.</strong></span> <span class='ocrx_word' id='word_1_32' title='bbox 445 845 638 918; x_wconf 86' lang='lat' dir='ltr'><strong>orientis</strong></span> <span class='ocrx_word' id='word_1_33' title='bbox 665 841 778 916; x_wconf 85' lang='lat' dir='ltr'><strong>solis</strong></span> <span class='ocrx_word' id='word_1_34' title='bbox 806 839 945 916; x_wconf 82' lang='lat' dir='ltr'><strong>radiis</strong></span> <span class='ocrx_word' id='word_1_35' title='bbox 974 839 1155 934; x_wconf 89' lang='lat' dir='ltr'><strong>similis;</strong></span> <span class='ocrx_word' id='word_1_36' title='bbox 1184 834 1382 949; x_wconf 68' lang='grc' dir='ltr'><em>ἀνερχμὲνου</em></span> <span class='ocrx_word' id='word_1_37' title='bbox 1409 868 1478 944; x_wconf 90' lang='lat' dir='ltr'><strong>pro</strong></span> <span class='ocrx_word' id='word_1_38' title='bbox 1505 834 1721 947; x_wconf 74' lang='grc' dir='ltr'><em>ἀνερχομένου</em></span> <span class='ocrx_word' id='word_1_39' title='bbox 1748 868 1824 917; x_wconf 92' lang='lat' dir='ltr'><strong>non</strong></span> <span class='ocrx_word' id='word_1_40' title='bbox 1854 842 1916 919; x_wconf 85' lang='lat' dir='ltr'><strong>dc·</strong></span> 
     </span>
     <span class='ocr_line' id='line_1_7' title="bbox 333 961 1916 1071; baseline 0.001 -32"><span class='ocrx_word' id='word_1_41' title='bbox 333 965 440 1041; x_wconf 89' lang='lat' dir='ltr'><strong>decet</strong></span> <span class='ocrx_word' id='word_1_42' title='bbox 464 982 615 1070; x_wconf 87' lang='lat' dir='ltr'><strong>poetam</strong></span> <span class='ocrx_word' id='word_1_43' title='bbox 639 963 940 1057; x_wconf 83' lang='lat' dir='ltr'><strong>Alexandrinum,</strong></span> <span class='ocrx_word' id='word_1_44' title='bbox 971 982 1008 1040; x_wconf 92' lang='lat' dir='ltr'><strong>et</strong></span> <span class='ocrx_word' id='word_1_45' title='bbox 1034 969 1238 1066; x_wconf 81' lang='lat' dir='ltr'><strong>comparari</strong></span> <span class='ocrx_word' id='word_1_46' title='bbox 1265 982 1388 1067; x_wconf 87' lang='lat' dir='ltr'><strong>potest</strong></span> <span class='ocrx_word' id='word_1_47' title='bbox 1409 993 1491 1039; x_wconf 81' lang='lat' dir='ltr'><strong>curn</strong></span> <span class='ocrx_word' id='word_1_48' title='bbox 1516 965 1766 1042; x_wconf 84' lang='lat' dir='ltr'><strong>Callimachco</strong></span> <span class='ocrx_word' id='word_1_49' title='bbox 1785 961 1916 1071; x_wconf 81' lang='grc' dir='ltr'><em>όργμε·</em></span> 
     </span>
     <span class='ocr_line' id='line_1_8' title="bbox 333 1082 1917 1197; baseline 0.002 -35"><span class='ocrx_word' id='word_1_50' title='bbox 333 1120 384 1168; x_wconf 91' lang='grc' dir='ltr'><strong>νος</strong></span> <span class='ocrx_word' id='word_1_51' title='bbox 414 1117 485 1194; x_wconf 86' lang='lat' dir='ltr'><strong>pro</strong></span> <span class='ocrx_word' id='word_1_52' title='bbox 517 1082 715 1197; x_wconf 66' lang='grc' dir='ltr'><em>ἀρχόμενος,</em></span> <span class='ocrx_word' id='word_1_53' title='bbox 749 1087 796 1163; x_wconf 88' lang='lat' dir='ltr'><strong>de</strong></span> <span class='ocrx_word' id='word_1_54' title='bbox 828 1116 903 1191; x_wconf 89' lang='lat' dir='ltr'><strong>quo</strong></span> <span class='ocrx_word' id='word_1_55' title='bbox 934 1087 1018 1164; x_wconf 87' lang='lat' dir='ltr'><strong>vide</strong></span> <span class='ocrx_word' id='word_1_56' title='bbox 1051 1087 1314 1163; x_wconf 84' lang='lat' dir='ltr'><strong>Blomfieldum</strong></span> <span class='ocrx_word' id='word_1_57' title='bbox 1341 1087 1386 1162; x_wconf 87' lang='lat' dir='ltr'><strong>ad</strong></span> <span class='ocrx_word' id='word_1_58' title='bbox 1414 1088 1463 1162; x_wconf 87' lang='lat' dir='ltr'><strong>H.</strong></span> <span class='ocrx_word' id='word_1_59' title='bbox 1493 1093 1531 1162; x_wconf 93' lang='lat' dir='ltr'><strong>in</strong></span> <span class='ocrx_word' id='word_1_60' title='bbox 1555 1089 1666 1164; x_wconf 85' lang='lat' dir='ltr'><strong>Dian.</strong></span> <span class='ocrx_word' id='word_1_61' title='bbox 1691 1098 1726 1164; x_wconf 79' lang='grc'><strong>4.</strong></span> <span class='ocrx_word' id='word_1_62' title='bbox 1781 1090 1845 1164; x_wconf 86' lang='lat' dir='ltr'><strong>Vs.</strong></span> <span class='ocrx_word' id='word_1_63' title='bbox 1870 1096 1917 1165; x_wconf 80' lang='grc'><strong>46</strong></span> 
     </span>
     <span class='ocr_line' id='line_1_9' title="bbox 332 1202 1916 1323; baseline -0.003 -33"><span class='ocrx_word' id='word_1_64' title='bbox 332 1215 457 1290; x_wconf 81' lang='lat' dir='ltr'><strong>forsan</strong></span> <span class='ocrx_word' id='word_1_65' title='bbox 491 1212 747 1316; x_wconf 87' lang='lat' dir='ltr'><strong>reponendum</strong></span> <span class='ocrx_word' id='word_1_66' title='bbox 779 1206 834 1300; x_wconf 87' lang='grc' dir='ltr'><strong>τῆν</strong></span> <span class='ocrx_word' id='word_1_67' title='bbox 867 1208 899 1286; x_wconf 72' lang='grc' dir='ltr'><strong>δὲ</strong></span> <span class='ocrx_word' id='word_1_68' title='bbox 932 1205 1109 1322; x_wconf 73' lang='grc' dir='ltr'><em>ῥόδοισιν</em></span> <span class='ocrx_word' id='word_1_69' title='bbox 1140 1207 1324 1305; x_wconf 79' lang='grc' dir='ltr'><em>ἕϊσκομόνην</em></span> <span class='ocrx_word' id='word_1_70' title='bbox 1356 1202 1531 1292; x_wconf 70' lang='grc' dir='ltr'><strong><em>βοτέονται</em></strong></span> <span class='ocrx_word' id='word_1_71' title='bbox 1563 1204 1705 1285; x_wconf 86' lang='grc' dir='ltr'><em>κυίδειαν.</em></span> <span class='ocrx_word' id='word_1_72' title='bbox 1757 1213 1847 1288; x_wconf 80' lang='lat' dir='ltr'><strong>Pro&#39;</strong></span> <span class='ocrx_word' id='word_1_73' title='bbox 1866 1208 1916 1323; x_wconf 75' lang='grc' dir='ltr'><strong>ρό-</strong></span> 
     </span>
     <span class='ocr_line' id='line_1_10' title="bbox 333 1328 1194 1444; baseline -0.001 -34"><span class='ocrx_word' id='word_1_74' title='bbox 333 1333 432 1412; x_wconf 92' lang='grc' dir='ltr'><em>δοισιν</em></span> <span class='ocrx_word' id='word_1_75' title='bbox 459 1337 544 1412; x_wconf 84' lang='lat' dir='ltr'><strong>libri</strong></span> <span class='ocrx_word' id='word_1_76' title='bbox 570 1337 709 1412; x_wconf 86' lang='lat' dir='ltr'><strong>babent</strong></span> <span class='ocrx_word' id='word_1_77' title='bbox 734 1328 903 1444; x_wconf 91' lang='grc' dir='ltr'><em>δρόσοισιν.</em></span> <span class='ocrx_word' id='word_1_78' title='bbox 956 1336 1020 1411; x_wconf 85' lang='lat' dir='ltr'><strong>Vs.</strong></span> <span class='ocrx_word' id='word_1_79' title='bbox 1043 1341 1091 1409; x_wconf 77' lang='grc'><strong>48</strong></span> <span class='ocrx_word' id='word_1_80' title='bbox 1110 1364 1194 1438; x_wconf 88' lang='lat' dir='ltr'><strong>sqq.</strong></span> 
     </span>
    </p>

    <p class='ocr_par' dir='ltr' id='par_1_6' title="bbox 638 1450 1598 1568">
     <span class='ocr_line' id='line_1_11' title="bbox 638 1450 1598 1568; baseline -0.001 -36"><span class='ocrx_word' id='word_1_81' title='bbox 638 1457 741 1568; x_wconf 69' lang='grc' dir='ltr'><em>θρίων</em></span> <span class='ocrx_word' id='word_1_82' title='bbox 768 1456 800 1532; x_wconf 77' lang='grc' dir='ltr'><em>δ</em></span> <span class='ocrx_word' id='word_1_83' title='bbox 829 1454 1004 1553; x_wconf 73' lang='grc' dir='ltr'><em>οἰχομένων</em></span> <span class='ocrx_word' id='word_1_84' title='bbox 1031 1453 1087 1568; x_wconf 75' lang='grc' dir='ltr'><strong>ῥόα</strong></span> <span class='ocrx_word' id='word_1_85' title='bbox 1111 1454 1168 1550; x_wconf 72' lang='grc' dir='ltr'><strong>μὲν</strong></span> <span class='ocrx_word' id='word_1_86' title='bbox 1193 1451 1328 1557; x_wconf 85' lang='grc' dir='ltr'><em>φλόγες,</em></span> <span class='ocrx_word' id='word_1_87' title='bbox 1356 1450 1477 1532; x_wconf 80' lang='grc' dir='ltr'><em>ίίλλοτε</em></span> <span class='ocrx_word' id='word_1_88' title='bbox 1503 1456 1598 1568; x_wconf 78' lang='grc' dir='ltr'><em>ῥιπαί</em></span> 
     </span>
    </p>

    <p class='ocr_par' dir='ltr' id='par_1_7' title="bbox 637 1572 1595 1692">
     <span class='ocr_line' id='line_1_12' title="bbox 637 1572 1595 1692; baseline -0.003 -35"><span class='ocrx_word' id='word_1_89' title='bbox 637 1585 768 1686; x_wconf 83' lang='grc' dir='ltr'><em>πλῆξαι</em></span> <span class='ocrx_word' id='word_1_90' title='bbox 794 1577 908 1692; x_wconf 85' lang='grc' dir='ltr'><em>σαίρκα</em></span> <span class='ocrx_word' id='word_1_91' title='bbox 933 1584 1071 1681; x_wconf 83' lang='grc' dir='ltr'><em>τυπῆσι·</em></span> <span class='ocrx_word' id='word_1_92' title='bbox 1097 1577 1142 1657; x_wconf 75' lang='grc' dir='ltr'><strong>τό</strong></span> <span class='ocrx_word' id='word_1_93' title='bbox 1166 1579 1199 1656; x_wconf 81' lang='grc' dir='ltr'><strong>δ’</strong></span> <span class='ocrx_word' id='word_1_94' title='bbox 1228 1585 1262 1657; x_wconf 77' lang='grc' dir='ltr'><strong>οὐ</strong></span> <span class='ocrx_word' id='word_1_95' title='bbox 1287 1572 1395 1663; x_wconf 72' lang='grc' dir='ltr'><em>ίδοίσιν</em></span> <span class='ocrx_word' id='word_1_96' title='bbox 1421 1577 1595 1692; x_wconf 81' lang='grc' dir='ltr'><em>ἕστῆριξαν</em></span> 
     </span>
    </p>

    <p class='ocr_par' dir='ltr' id='par_1_8' title="bbox 330 1698 1916 2678">
     <span class='ocr_line' id='line_1_13' title="bbox 639 1698 1312 1817; baseline -0.003 -37"><span class='ocrx_word' id='word_1_97' title='bbox 639 1699 712 1782; x_wconf 76' lang='grc' dir='ltr'><em>οὔτε</em></span> <span class='ocrx_word' id='word_1_98' title='bbox 736 1702 772 1781; x_wconf 90' lang='grc' dir='ltr'><strong>τί</strong></span> <span class='ocrx_word' id='word_1_99' title='bbox 793 1738 845 1781; x_wconf 92' lang='grc' dir='ltr'><strong>πω</strong></span> <span class='ocrx_word' id='word_1_100' title='bbox 870 1698 1008 1817; x_wconf 69' lang='grc' dir='ltr'><em>βρώμην</em></span> <span class='ocrx_word' id='word_1_101' title='bbox 1035 1701 1253 1799; x_wconf 74' lang='grc' dir='ltr'><em>ποτιδέγμενα</em></span> <span class='ocrx_word' id='word_1_102' title='bbox 1271 1751 1312 1767; x_wconf 86' lang='grc'><strong>-</strong></span> 
     </span>
     <span class='ocr_line' id='line_1_14' title="bbox 331 1829 1916 1937; baseline 0.001 -29"><span class='ocrx_word' id='word_1_103' title='bbox 331 1834 531 1921; x_wconf 84' lang='lat' dir='ltr'><strong>Postrema,</strong></span> <span class='ocrx_word' id='word_1_104' title='bbox 559 1858 651 1935; x_wconf 83' lang='lat' dir='ltr'><strong>quae</strong></span> <span class='ocrx_word' id='word_1_105' title='bbox 668 1848 710 1907; x_wconf 90' lang='lat' dir='ltr'><strong>ut</strong></span> <span class='ocrx_word' id='word_1_106' title='bbox 735 1860 835 1907; x_wconf 90' lang='lat' dir='ltr'><strong>nunc</strong></span> <span class='ocrx_word' id='word_1_107' title='bbox 860 1836 994 1937; x_wconf 84' lang='lat' dir='ltr'><strong>scripta</strong></span> <span class='ocrx_word' id='word_1_108' title='bbox 1020 1848 1105 1907; x_wconf 89' lang='lat' dir='ltr'><strong>sunt</strong></span> <span class='ocrx_word' id='word_1_109' title='bbox 1131 1829 1285 1932; x_wconf 79' lang='lat' dir='ltr'><strong>intelligi</strong></span> <span class='ocrx_word' id='word_1_110' title='bbox 1311 1854 1389 1903; x_wconf 92' lang='lat' dir='ltr'><strong>non</strong></span> <span class='ocrx_word' id='word_1_111' title='bbox 1413 1848 1579 1932; x_wconf 83' lang='lat' dir='ltr'><strong>possunt,</strong></span> <span class='ocrx_word' id='word_1_112' title='bbox 1605 1831 1846 1934; x_wconf 81' lang='lat' dir='ltr'><strong>intelligerem</strong></span> <span class='ocrx_word' id='word_1_113' title='bbox 1865 1839 1916 1909; x_wconf 91' lang='lat' dir='ltr'><strong>sic</strong></span> 
     </span>
     <span class='ocr_line' id='line_1_15' title="bbox 331 1949 1915 2065; baseline -0.001 -33"><span class='ocrx_word' id='word_1_114' title='bbox 331 1963 485 2061; x_wconf 86' lang='lat' dir='ltr'><strong>scripta:</strong></span> <span class='ocrx_word' id='word_1_115' title='bbox 516 1952 586 2031; x_wconf 84' lang='grc' dir='ltr'><em>οὐδέ</em></span> <span class='ocrx_word' id='word_1_116' title='bbox 610 1951 646 2029; x_wconf 89' lang='grc' dir='ltr'><strong>τί</strong></span> <span class='ocrx_word' id='word_1_117' title='bbox 668 1986 719 2030; x_wconf 87' lang='grc' dir='ltr'><strong>πω</strong></span> <span class='ocrx_word' id='word_1_118' title='bbox 746 1949 852 2065; x_wconf 73' lang='grc' dir='ltr'><em>ῥώμην</em></span> <span class='ocrx_word' id='word_1_119' title='bbox 880 1950 1105 2047; x_wconf 66' lang='grc' dir='ltr'><em>ποτιδέγμενα.</em></span> <span class='ocrx_word' id='word_1_120' title='bbox 1157 1954 1223 2028; x_wconf 89' lang='lat' dir='ltr'><strong>Vs.</strong></span> <span class='ocrx_word' id='word_1_121' title='bbox 1242 1959 1288 2026; x_wconf 86' lang='lat'><strong>58</strong></span> <span class='ocrx_word' id='word_1_122' title='bbox 1310 1969 1409 2027; x_wconf 88' lang='lat' dir='ltr'><strong>recte</strong></span> <span class='ocrx_word' id='word_1_123' title='bbox 1427 1957 1506 2027; x_wconf 90' lang='lat' dir='ltr'><strong>sine</strong></span> <span class='ocrx_word' id='word_1_124' title='bbox 1528 1953 1642 2029; x_wconf 92' lang='lat' dir='ltr'><strong>dubio</strong></span> <span class='ocrx_word' id='word_1_125' title='bbox 1663 1959 1804 2031; x_wconf 86' lang='lat' dir='ltr'><strong>restitui</strong></span> <span class='ocrx_word' id='word_1_126' title='bbox 1826 1958 1915 2032; x_wconf 87' lang='lat' dir='ltr'><strong>olim</strong></span> 
     </span>
     <span class='ocr_line' id='line_1_16' title="bbox 332 2074 1916 2183; baseline 0.001 -31"><span class='ocrx_word' id='word_1_127' title='bbox 332 2075 532 2172; x_wconf 80' lang='grc' dir='ltr'><em>ναιομένοισι,</em></span> <span class='ocrx_word' id='word_1_128' title='bbox 568 2108 638 2183; x_wconf 84' lang='lat' dir='ltr'><strong>qua</strong></span> <span class='ocrx_word' id='word_1_129' title='bbox 665 2081 783 2153; x_wconf 86' lang='lat' dir='ltr'><strong>forma</strong></span> <span class='ocrx_word' id='word_1_130' title='bbox 810 2084 926 2154; x_wconf 83' lang='lat' dir='ltr'><strong>utitur</strong></span> <span class='ocrx_word' id='word_1_131' title='bbox 950 2076 1136 2153; x_wconf 86' lang='lat' dir='ltr'><strong>Nicander</strong></span> <span class='ocrx_word' id='word_1_132' title='bbox 1163 2081 1271 2151; x_wconf 84' lang='lat' dir='ltr'><strong>etism</strong></span> <span class='ocrx_word' id='word_1_133' title='bbox 1296 2076 1470 2179; x_wconf 84' lang='lat' dir='ltr'><strong>Alexiph.</strong></span> <span class='ocrx_word' id='word_1_134' title='bbox 1492 2084 1578 2151; x_wconf 80' lang='lat'><strong>515.</strong></span> <span class='ocrx_word' id='word_1_135' title='bbox 1635 2077 1698 2152; x_wconf 85' lang='lat' dir='ltr'><strong>Vs.</strong></span> <span class='ocrx_word' id='word_1_136' title='bbox 1720 2082 1770 2151; x_wconf 79' lang='lat'><strong>62</strong></span> <span class='ocrx_word' id='word_1_137' title='bbox 1797 2074 1856 2152; x_wconf 85' lang='grc' dir='ltr'><strong>σδν</strong></span> <span class='ocrx_word' id='word_1_138' title='bbox 1883 2075 1916 2153; x_wconf 79' lang='grc' dir='ltr'><strong>δὲ</strong></span> 
     </span>
     <span class='ocr_line' id='line_1_17' title="bbox 332 2192 1914 2295; baseline -0.002 -16"><span class='ocrx_word' id='word_1_139' title='bbox 332 2202 387 2279; x_wconf 75' lang='grc' dir='ltr'><strong>καί</strong></span> <span class='ocrx_word' id='word_1_140' title='bbox 422 2197 575 2295; x_wconf 65' lang='grc' dir='ltr'><em>ὑψῆειτα</em></span> <span class='ocrx_word' id='word_1_141' title='bbox 616 2196 811 2292; x_wconf 87' lang='grc' dir='ltr'><em>πανόσμεον.</em></span> <span class='ocrx_word' id='word_1_142' title='bbox 878 2201 975 2278; x_wconf 89' lang='lat' dir='ltr'><strong>Cod.</strong></span> <span class='ocrx_word' id='word_1_143' title='bbox 1006 2203 1039 2276; x_wconf 88' lang='lat' dir='ltr'>A</span> <span class='ocrx_word' id='word_1_144' title='bbox 1079 2192 1269 2291; x_wconf 86' lang='grc' dir='ltr'><em>πανόσμιον.</em></span> <span class='ocrx_word' id='word_1_145' title='bbox 1331 2200 1469 2276; x_wconf 81' lang='lat' dir='ltr'><strong>Forsan</strong></span> <span class='ocrx_word' id='word_1_146' title='bbox 1506 2193 1612 2291; x_wconf 64' lang='grc' dir='ltr'><em>ὑψῆέν</em></span> <span class='ocrx_word' id='word_1_147' title='bbox 1650 2229 1687 2274; x_wconf 88' lang='grc' dir='ltr'><strong>τε</strong></span> <span class='ocrx_word' id='word_1_148' title='bbox 1724 2193 1914 2294; x_wconf 80' lang='grc' dir='ltr'><em>πανόσμεον.</em></span> 
     </span>
     <span class='ocr_line' id='line_1_18' title="bbox 330 2317 1915 2429; baseline -0.001 -27"><span class='ocrx_word' id='word_1_149' title='bbox 330 2329 395 2403; x_wconf 87' lang='lat' dir='ltr'><strong>Vs.</strong></span> <span class='ocrx_word' id='word_1_150' title='bbox 426 2331 473 2400; x_wconf 86' lang='lat'><strong>66</strong></span> <span class='ocrx_word' id='word_1_151' title='bbox 506 2352 577 2429; x_wconf 89' lang='lat' dir='ltr'><strong>pro</strong></span> <span class='ocrx_word' id='word_1_152' title='bbox 609 2327 675 2403; x_wconf 80' lang='grc' dir='ltr'><strong>πᾶς</strong></span> <span class='ocrx_word' id='word_1_153' title='bbox 706 2319 741 2399; x_wconf 81' lang='grc' dir='ltr'><strong>δι’</strong></span> <span class='ocrx_word' id='word_1_154' title='bbox 772 2353 822 2403; x_wconf 87' lang='grc' dir='ltr'><strong>τις</strong></span> <span class='ocrx_word' id='word_1_155' title='bbox 854 2330 978 2400; x_wconf 86' lang='lat' dir='ltr'><strong>nescio</strong></span> <span class='ocrx_word' id='word_1_156' title='bbox 1010 2351 1056 2399; x_wconf 95' lang='lat' dir='ltr'><strong>an</strong></span> <span class='ocrx_word' id='word_1_157' title='bbox 1089 2319 1145 2398; x_wconf 77' lang='lat' dir='ltr'><strong>nal</strong></span> <span class='ocrx_word' id='word_1_158' title='bbox 1176 2317 1283 2400; x_wconf 72' lang='grc' dir='ltr'><em>δ’τις</em></span> <span class='ocrx_word' id='word_1_159' title='bbox 1313 2325 1424 2398; x_wconf 81' lang='lat' dir='ltr'><strong>scribi</strong></span> <span class='ocrx_word' id='word_1_160' title='bbox 1452 2322 1597 2417; x_wconf 89' lang='lat' dir='ltr'><strong>debeat,</strong></span> <span class='ocrx_word' id='word_1_161' title='bbox 1628 2342 1664 2400; x_wconf 87' lang='lat' dir='ltr'><strong>et</strong></span> <span class='ocrx_word' id='word_1_162' title='bbox 1689 2353 1743 2401; x_wconf 77' lang='lat' dir='ltr'><strong>rs.</strong></span> <span class='ocrx_word' id='word_1_163' title='bbox 1774 2329 1821 2399; x_wconf 91' lang='grc'><strong>68</strong></span> <span class='ocrx_word' id='word_1_164' title='bbox 1848 2318 1915 2400; x_wconf 83' lang='grc' dir='ltr'><strong>ότο</strong></span> 
     </span>
     <span class='ocr_line' id='line_1_19' title="bbox 331 2437 1913 2561; baseline -0.001 -34"><span class='ocrx_word' id='word_1_165' title='bbox 331 2443 513 2561; x_wconf 73' lang='grc' dir='ltr'><em>πρότασιν</em></span> <span class='ocrx_word' id='word_1_166' title='bbox 540 2444 667 2523; x_wconf 75' lang='grc' dir='ltr'><em>ἴδωνται</em></span> <span class='ocrx_word' id='word_1_167' title='bbox 692 2474 762 2552; x_wconf 93' lang='lat' dir='ltr'><strong>pro</strong></span> <span class='ocrx_word' id='word_1_168' title='bbox 790 2437 812 2522; x_wconf 78' lang='grc' dir='ltr'><em>ό</em></span> <span class='ocrx_word' id='word_1_169' title='bbox 837 2477 882 2523; x_wconf 92' lang='grc' dir='ltr'><strong>τε.</strong></span> <span class='ocrx_word' id='word_1_170' title='bbox 934 2446 998 2522; x_wconf 90' lang='lat' dir='ltr'><strong>Vs.</strong></span> <span class='ocrx_word' id='word_1_171' title='bbox 1032 2448 1079 2522; x_wconf 81' lang='lat'><strong>70</strong></span> <span class='ocrx_word' id='word_1_172' title='bbox 1114 2445 1195 2523; x_wconf 89' lang='lat' dir='ltr'><strong>cod.</strong></span> <span class='ocrx_word' id='word_1_173' title='bbox 1222 2448 1256 2521; x_wconf 90' lang='lat' dir='ltr'><strong>A</strong></span> <span class='ocrx_word' id='word_1_174' title='bbox 1284 2446 1328 2522; x_wconf 85' lang='lat' dir='ltr'><strong>ad</strong></span> <span class='ocrx_word' id='word_1_175' title='bbox 1354 2444 1440 2556; x_wconf 81' lang='grc' dir='ltr'><em>λίρια</em></span> <span class='ocrx_word' id='word_1_176' title='bbox 1466 2446 1580 2541; x_wconf 82' lang='lat' dir='ltr'><strong>ducit,</strong></span> <span class='ocrx_word' id='word_1_177' title='bbox 1617 2448 1664 2525; x_wconf 89' lang='lat' dir='ltr'><strong>de</strong></span> <span class='ocrx_word' id='word_1_178' title='bbox 1692 2476 1765 2552; x_wconf 85' lang='lat' dir='ltr'><strong>qua</strong></span> <span class='ocrx_word' id='word_1_179' title='bbox 1796 2451 1913 2526; x_wconf 81' lang='lat' dir='ltr'><strong>forma</strong></span> 
     </span>
     <span class='ocr_line' id='line_1_20' title="bbox 331 2576 686 2678; baseline -0.006 -28"><span class='ocrx_word' id='word_1_180' title='bbox 331 2576 398 2650; x_wconf 87' lang='lat' dir='ltr'><strong>csr.</strong></span> <span class='ocrx_word' id='word_1_181' title='bbox 427 2601 537 2678; x_wconf 82' lang='lat' dir='ltr'><strong>supra</strong></span> <span class='ocrx_word' id='word_1_182' title='bbox 562 2601 602 2676; x_wconf 91' lang='lat' dir='ltr'><strong>p.</strong></span> <span class='ocrx_word' id='word_1_183' title='bbox 623 2578 686 2648; x_wconf 93' lang='grc'><strong>39.</strong></span> 
     </span>
    </p>

    <p class='ocr_par' dir='ltr' id='par_1_9' title="bbox 329 2686 1913 3046">
     <span class='ocr_line' id='line_1_21' title="bbox 469 2686 1913 2804; baseline 0.002 -32"><span class='ocrx_word' id='word_1_184' title='bbox 469 2696 543 2772; x_wconf 88' lang='lat' dir='ltr'><strong>XV</strong></span> <span class='ocrx_word' id='word_1_185' title='bbox 559 2725 598 2800; x_wconf 92' lang='lat' dir='ltr'><strong>p.</strong></span> <span class='ocrx_word' id='word_1_186' title='bbox 620 2700 693 2771; x_wconf 90' lang='grc'><strong>689</strong></span> <span class='ocrx_word' id='word_1_187' title='bbox 714 2725 746 2772; x_wconf 83' lang='lat' dir='ltr'><strong>a.</strong></span> <span class='ocrx_word' id='word_1_188' title='bbox 782 2695 866 2771; x_wconf 66' lang='grc' dir='ltr'><em>καθ’</em></span> <span class='ocrx_word' id='word_1_189' title='bbox 900 2686 931 2770; x_wconf 85' lang='grc' dir='ltr'><strong>όν</strong></span> <span class='ocrx_word' id='word_1_190' title='bbox 957 2686 1075 2803; x_wconf 75' lang='grc' dir='ltr'><em>χρόνον</em></span> <span class='ocrx_word' id='word_1_191' title='bbox 1100 2687 1155 2787; x_wconf 77' lang='grc' dir='ltr'><strong>ἔζη</strong></span> <span class='ocrx_word' id='word_1_192' title='bbox 1181 2691 1327 2804; x_wconf 79' lang='grc' dir='ltr'><em>Βερενίκη</em></span> <span class='ocrx_word' id='word_1_193' title='bbox 1354 2697 1372 2783; x_wconf 88' lang='grc' dir='ltr'><em>ῆ</em></span> <span class='ocrx_word' id='word_1_194' title='bbox 1399 2690 1540 2787; x_wconf 85' lang='grc' dir='ltr'><em>μεγιίλη.</em></span> <span class='ocrx_word' id='word_1_195' title='bbox 1593 2696 1749 2771; x_wconf 82' lang='lat' dir='ltr'><strong>Prorsus</strong></span> <span class='ocrx_word' id='word_1_196' title='bbox 1777 2725 1913 2775; x_wconf 87' lang='lat' dir='ltr'><strong>novum</strong></span> 
     </span>
     <span class='ocr_line' id='line_1_22' title="bbox 329 2812 1912 2924; baseline 0 -28"><span class='ocrx_word' id='word_1_197' title='bbox 329 2822 479 2914; x_wconf 84' lang='lat' dir='ltr'><strong>accidit,</strong></span> <span class='ocrx_word' id='word_1_198' title='bbox 516 2821 719 2896; x_wconf 88' lang='lat' dir='ltr'><strong>Berenicen</strong></span> <span class='ocrx_word' id='word_1_199' title='bbox 751 2820 931 2923; x_wconf 85' lang='lat' dir='ltr'><strong>appellari</strong></span> <span class='ocrx_word' id='word_1_200' title='bbox 962 2813 1017 2905; x_wconf 84' lang='grc' dir='ltr'><strong>τῆν</strong></span> <span class='ocrx_word' id='word_1_201' title='bbox 1050 2812 1209 2910; x_wconf 72' lang='grc' dir='ltr'><em>μεγάλην,</em></span> <span class='ocrx_word' id='word_1_202' title='bbox 1241 2845 1311 2920; x_wconf 91' lang='lat' dir='ltr'><strong>pro</strong></span> <span class='ocrx_word' id='word_1_203' title='bbox 1347 2845 1423 2920; x_wconf 89' lang='lat' dir='ltr'><strong>quo</strong></span> <span class='ocrx_word' id='word_1_204' title='bbox 1456 2844 1533 2893; x_wconf 88' lang='lat' dir='ltr'><strong>non</strong></span> <span class='ocrx_word' id='word_1_205' title='bbox 1561 2817 1715 2894; x_wconf 89' lang='lat' dir='ltr'><strong>dubium</strong></span> <span class='ocrx_word' id='word_1_206' title='bbox 1741 2838 1795 2896; x_wconf 87' lang='lat' dir='ltr'><strong>est</strong></span> <span class='ocrx_word' id='word_1_207' title='bbox 1822 2827 1912 2924; x_wconf 88' lang='lat' dir='ltr'><strong>quin</strong></span> 
     </span>
     <span class='ocr_line' id='line_1_23' title="bbox 329 2935 1715 3046; baseline -0.004 -25"><span class='ocrx_word' id='word_1_208' title='bbox 329 2964 429 3021; x_wconf 89' lang='lat' dir='ltr'><strong>recte</strong></span> <span class='ocrx_word' id='word_1_209' title='bbox 456 2943 819 3046; x_wconf 86' lang='lat' dir='ltr'><strong>Schweighaeuserus</strong></span> <span class='ocrx_word' id='word_1_210' title='bbox 843 2969 862 3016; x_wconf 83' lang='lat' dir='ltr'>a</span> <span class='ocrx_word' id='word_1_211' title='bbox 889 2940 1090 3017; x_wconf 80' lang='lat' dir='ltr'><strong>Diodorfio</strong></span> <span class='ocrx_word' id='word_1_212' title='bbox 1113 2943 1300 3045; x_wconf 86' lang='lat' dir='ltr'><strong>neglectus</strong></span> <span class='ocrx_word' id='word_1_213' title='bbox 1326 2945 1533 3044; x_wconf 89' lang='lat' dir='ltr'><strong>reposuerit</strong></span> <span class='ocrx_word' id='word_1_214' title='bbox 1556 2944 1574 3029; x_wconf 79' lang='grc' dir='ltr'>ἡ</span> <span class='ocrx_word' id='word_1_215' title='bbox 1600 2935 1715 3031; x_wconf 77' lang='grc' dir='ltr'><em>Μάγα</em></span> 
     </span>
    </p>

    <p class='ocr_par' dir='ltr' id='par_1_10' title="bbox 328 3057 1913 4527">
     <span class='ocr_line' id='line_1_24' title="bbox 469 3057 1912 3175; baseline 0.003 -33"><span class='ocrx_word' id='word_1_216' title='bbox 469 3066 541 3142; x_wconf 93' lang='lat' dir='ltr'><strong>XV</strong></span> <span class='ocrx_word' id='word_1_217' title='bbox 565 3096 605 3170; x_wconf 91' lang='lat' dir='ltr'><strong>p.</strong></span> <span class='ocrx_word' id='word_1_218' title='bbox 629 3070 702 3142; x_wconf 85' lang='lat'><strong>697</strong></span> <span class='ocrx_word' id='word_1_219' title='bbox 717 3094 749 3141; x_wconf 92' lang='lat' dir='ltr'><strong>a.</strong></span> <span class='ocrx_word' id='word_1_220' title='bbox 805 3068 853 3139; x_wconf 79' lang='grc' dir='ltr'><strong>ἐπ’</strong></span> <span class='ocrx_word' id='word_1_221' title='bbox 874 3057 1048 3160; x_wconf 71' lang='grc' dir='ltr'><em>Ἀντιγένην</em></span> <span class='ocrx_word' id='word_1_222' title='bbox 1074 3060 1107 3139; x_wconf 76' lang='grc' dir='ltr'><strong>δὲ</strong></span> <span class='ocrx_word' id='word_1_223' title='bbox 1133 3062 1188 3140; x_wconf 77' lang='grc' dir='ltr'><strong>καί</strong></span> <span class='ocrx_word' id='word_1_224' title='bbox 1212 3060 1383 3174; x_wconf 78' lang='grc' dir='ltr'><em>Δημητρίῳ</em></span> <span class='ocrx_word' id='word_1_225' title='bbox 1411 3062 1492 3163; x_wconf 82' lang='grc' dir='ltr'><em>φησί</em></span> <span class='ocrx_word' id='word_1_226' title='bbox 1518 3062 1699 3175; x_wconf 69' lang='grc' dir='ltr'><em>Φιλόχορος</em></span> <span class='ocrx_word' id='word_1_227' title='bbox 1719 3065 1912 3155; x_wconf 69' lang='grc' dir='ltr'><em>Ἀθηναίους</em></span> 
     </span>
     <span class='ocr_line' id='line_1_25' title="bbox 330 3184 1912 3299; baseline 0 -33"><span class='ocrx_word' id='word_1_228' title='bbox 330 3186 414 3287; x_wconf 57' lang='grc' dir='ltr'><em>ᾄδειν</em></span> <span class='ocrx_word' id='word_1_229' title='bbox 440 3192 580 3268; x_wconf 75' lang='grc' dir='ltr'><em>παιᾶνας</em></span> <span class='ocrx_word' id='word_1_230' title='bbox 606 3186 680 3268; x_wconf 73' lang='grc' dir='ltr'><em>τοὺς</em></span> <span class='ocrx_word' id='word_1_231' title='bbox 706 3184 933 3280; x_wconf 77' lang='grc' dir='ltr'><em>πεποιημένους</em></span> <span class='ocrx_word' id='word_1_232' title='bbox 957 3184 1021 3263; x_wconf 79' lang='grc' dir='ltr'><strong>ὑπό</strong></span> <span class='ocrx_word' id='word_1_233' title='bbox 1044 3185 1228 3299; x_wconf 84' lang='grc' dir='ltr'><em>Ἑρμίππου</em></span> <span class='ocrx_word' id='word_1_234' title='bbox 1260 3191 1318 3262; x_wconf 79' lang='grc' dir='ltr'><strong>τοῦ</strong></span> <span class='ocrx_word' id='word_1_235' title='bbox 1344 3188 1530 3282; x_wconf 80' lang='grc' dir='ltr'><em>Κυζικηνοῦ,</em></span> <span class='ocrx_word' id='word_1_236' title='bbox 1562 3189 1752 3289; x_wconf 78' lang='grc' dir='ltr'><em>ἐφαμίλλων</em></span> <span class='ocrx_word' id='word_1_237' title='bbox 1778 3187 1912 3283; x_wconf 79' lang='grc' dir='ltr'><em>γειομό-</em></span> 
     </span>
     <span class='ocr_line' id='line_1_26' title="bbox 331 3306 1913 3422; baseline 0.003 -34"><span class='ocrx_word' id='word_1_238' title='bbox 331 3346 389 3390; x_wconf 89' lang='grc' dir='ltr'><strong>νων</strong></span> <span class='ocrx_word' id='word_1_239' title='bbox 421 3317 484 3389; x_wconf 83' lang='grc' dir='ltr'><strong>τῶν</strong></span> <span class='ocrx_word' id='word_1_240' title='bbox 518 3316 658 3390; x_wconf 73' lang='grc' dir='ltr'><em>παιᾶνας</em></span> <span class='ocrx_word' id='word_1_241' title='bbox 693 3306 895 3397; x_wconf 84' lang='grc' dir='ltr'><em>ποιησόντων</em></span> <span class='ocrx_word' id='word_1_242' title='bbox 930 3314 1061 3388; x_wconf 81' lang='grc' dir='ltr'><em>πολλῶν</em></span> <span class='ocrx_word' id='word_1_243' title='bbox 1093 3309 1149 3387; x_wconf 74' lang='grc' dir='ltr'><strong>καὶ</strong></span> <span class='ocrx_word' id='word_1_244' title='bbox 1173 3313 1230 3386; x_wconf 78' lang='grc' dir='ltr'><strong>τοῦ</strong></span> <span class='ocrx_word' id='word_1_245' title='bbox 1252 3307 1468 3420; x_wconf 68' lang='grc' dir='ltr'><em>Ἑρμοκλέους</em></span> <span class='ocrx_word' id='word_1_246' title='bbox 1494 3309 1738 3422; x_wconf 69' lang='grc' dir='ltr'><em>προκριθέντος.</em></span> <span class='ocrx_word' id='word_1_247' title='bbox 1790 3317 1913 3393; x_wconf 88' lang='lat' dir='ltr'><strong>Verls·</strong></span> 
     </span>
     <span class='ocr_line' id='line_1_27' title="bbox 330 3434 1912 3540; baseline 0.003 -27"><span class='ocrx_word' id='word_1_248' title='bbox 330 3444 420 3513; x_wconf 87' lang='lat' dir='ltr'><strong>sime</strong></span> <span class='ocrx_word' id='word_1_249' title='bbox 445 3436 809 3540; x_wconf 84' lang='lat' dir='ltr'><strong>Schweighaeuserus</strong></span> <span class='ocrx_word' id='word_1_250' title='bbox 841 3434 997 3510; x_wconf 89' lang='lat' dir='ltr'><strong>eundem</strong></span> <span class='ocrx_word' id='word_1_251' title='bbox 1025 3452 1185 3537; x_wconf 88' lang='lat' dir='ltr'><strong>utroque</strong></span> <span class='ocrx_word' id='word_1_252' title='bbox 1211 3435 1297 3508; x_wconf 90' lang='lat' dir='ltr'><strong>loco</strong></span> <span class='ocrx_word' id='word_1_253' title='bbox 1325 3452 1472 3536; x_wconf 84' lang='lat' dir='ltr'><strong>poetam</strong></span> <span class='ocrx_word' id='word_1_254' title='bbox 1500 3438 1777 3513; x_wconf 86' lang='lat' dir='ltr'><strong>memorandum</strong></span> <span class='ocrx_word' id='word_1_255' title='bbox 1801 3442 1912 3517; x_wconf 87' lang='lat' dir='ltr'><strong>fuisse</strong></span> 
     </span>
     <span class='ocr_line' id='line_1_28' title="bbox 330 3551 1910 3666; baseline -0.001 -29"><span class='ocrx_word' id='word_1_256' title='bbox 330 3592 372 3637; x_wconf 86' lang='lat' dir='ltr'><strong>ac</strong></span> <span class='ocrx_word' id='word_1_257' title='bbox 397 3559 555 3665; x_wconf 88' lang='lat' dir='ltr'><strong>proinde</strong></span> <span class='ocrx_word' id='word_1_258' title='bbox 587 3562 788 3662; x_wconf 89' lang='lat' dir='ltr'><strong>utrobique</strong></span> <span class='ocrx_word' id='word_1_259' title='bbox 815 3576 877 3633; x_wconf 85' lang='lat' dir='ltr'><strong>aut</strong></span> <span class='ocrx_word' id='word_1_260' title='bbox 899 3554 1083 3666; x_wconf 83' lang='grc' dir='ltr'><em>Ἑρμίππου</em></span> <span class='ocrx_word' id='word_1_261' title='bbox 1110 3573 1174 3631; x_wconf 86' lang='lat' dir='ltr'><strong>aut</strong></span> <span class='ocrx_word' id='word_1_262' title='bbox 1195 3551 1411 3665; x_wconf 65' lang='grc' dir='ltr'><em>Ἑρμοκλέους</em></span> <span class='ocrx_word' id='word_1_263' title='bbox 1438 3560 1671 3634; x_wconf 88' lang='lat' dir='ltr'><strong>scribendum</strong></span> <span class='ocrx_word' id='word_1_264' title='bbox 1700 3587 1776 3636; x_wconf 87' lang='lat' dir='ltr'><strong>esse</strong></span> <span class='ocrx_word' id='word_1_265' title='bbox 1802 3565 1910 3638; x_wconf 89' lang='lat' dir='ltr'><strong>intel·</strong></span> 
     </span>
     <span class='ocr_line' id='line_1_29' title="bbox 329 3679 1910 3793; baseline 0.001 -34"><span class='ocrx_word' id='word_1_266' title='bbox 329 3686 432 3760; x_wconf 87' lang='lat' dir='ltr'><strong>lexit.</strong></span> <span class='ocrx_word' id='word_1_267' title='bbox 461 3688 511 3759; x_wconf 92' lang='lat' dir='ltr'><strong>At</strong></span> <span class='ocrx_word' id='word_1_268' title='bbox 524 3685 677 3759; x_wconf 86' lang='lat' dir='ltr'><strong>fortasse</strong></span> <span class='ocrx_word' id='word_1_269' title='bbox 692 3702 863 3758; x_wconf 89' lang='lat' dir='ltr'><strong>neutrum</strong></span> <span class='ocrx_word' id='word_1_270' title='bbox 883 3708 1019 3758; x_wconf 90' lang='lat' dir='ltr'><strong>nomen</strong></span> <span class='ocrx_word' id='word_1_271' title='bbox 1043 3685 1241 3784; x_wconf 89' lang='lat' dir='ltr'><strong>genuinum</strong></span> <span class='ocrx_word' id='word_1_272' title='bbox 1259 3698 1324 3769; x_wconf 86' lang='lat' dir='ltr'><strong>est,</strong></span> <span class='ocrx_word' id='word_1_273' title='bbox 1346 3681 1409 3756; x_wconf 87' lang='lat' dir='ltr'><strong>sed</strong></span> <span class='ocrx_word' id='word_1_274' title='bbox 1431 3682 1687 3785; x_wconf 87' lang='lat' dir='ltr'><strong>reponendum</strong></span> <span class='ocrx_word' id='word_1_275' title='bbox 1705 3679 1910 3793; x_wconf 79' lang='grc' dir='ltr'><em>Ἑρμοδότου,</em></span> 
     </span>
     <span class='ocr_line' id='line_1_30' title="bbox 331 3805 1909 3914; baseline 0.001 -31"><span class='ocrx_word' id='word_1_276' title='bbox 331 3834 441 3912; x_wconf 89' lang='lat' dir='ltr'><strong>quem</strong></span> <span class='ocrx_word' id='word_1_277' title='bbox 478 3808 653 3910; x_wconf 82' lang='lat' dir='ltr'><strong>Antigoni</strong></span> <span class='ocrx_word' id='word_1_278' title='bbox 689 3805 816 3881; x_wconf 82' lang='lat' dir='ltr'><strong>laudes</strong></span> <span class='ocrx_word' id='word_1_279' title='bbox 854 3807 1074 3880; x_wconf 88' lang='lat' dir='ltr'><strong>carminibus</strong></span> <span class='ocrx_word' id='word_1_280' title='bbox 1114 3805 1316 3879; x_wconf 83' lang='lat' dir='ltr'><strong>celebrasse</strong></span> <span class='ocrx_word' id='word_1_281' title='bbox 1352 3822 1494 3881; x_wconf 87' lang='lat' dir='ltr'><strong>constat</strong></span> <span class='ocrx_word' id='word_1_282' title='bbox 1527 3833 1547 3881; x_wconf 92' lang='lat' dir='ltr'><strong>e</strong></span> <span class='ocrx_word' id='word_1_283' title='bbox 1579 3807 1767 3883; x_wconf 87' lang='lat' dir='ltr'><strong>Plutarchi</strong></span> <span class='ocrx_word' id='word_1_284' title='bbox 1806 3814 1909 3914; x_wconf 87' lang='lat' dir='ltr'><strong>Apo-</strong></span> 
     </span>
     <span class='ocr_line' id='line_1_31' title="bbox 329 3927 1910 4037; baseline 0.002 -31"><span class='ocrx_word' id='word_1_285' title='bbox 329 3932 520 4037; x_wconf 87' lang='lat' dir='ltr'><strong>phthegm.</strong></span> <span class='ocrx_word' id='word_1_286' title='bbox 549 3959 587 4034; x_wconf 91' lang='lat' dir='ltr'><strong>p.</strong></span> <span class='ocrx_word' id='word_1_287' title='bbox 624 3938 692 4003; x_wconf 84' lang='grc'><strong>182</strong></span> <span class='ocrx_word' id='word_1_288' title='bbox 712 3958 745 4004; x_wconf 90' lang='lat' dir='ltr'><strong>c.</strong></span> <span class='ocrx_word' id='word_1_289' title='bbox 774 3947 811 4004; x_wconf 93' lang='lat' dir='ltr'><strong>et</strong></span> <span class='ocrx_word' id='word_1_290' title='bbox 838 3929 883 4004; x_wconf 91' lang='lat' dir='ltr'><strong>de</strong></span> <span class='ocrx_word' id='word_1_291' title='bbox 908 3928 1004 4004; x_wconf 88' lang='lat' dir='ltr'><strong>Iside</strong></span> <span class='ocrx_word' id='word_1_292' title='bbox 1033 3946 1069 4003; x_wconf 89' lang='lat' dir='ltr'><strong>et</strong></span> <span class='ocrx_word' id='word_1_293' title='bbox 1095 3927 1194 4004; x_wconf 89' lang='lat' dir='ltr'><strong>Osir.</strong></span> <span class='ocrx_word' id='word_1_294' title='bbox 1224 3957 1262 4032; x_wconf 89' lang='lat' dir='ltr'><strong>p.</strong></span> <span class='ocrx_word' id='word_1_295' title='bbox 1284 3934 1358 4003; x_wconf 91' lang='grc'><strong>360</strong></span> <span class='ocrx_word' id='word_1_296' title='bbox 1378 3928 1414 4003; x_wconf 91' lang='lat' dir='ltr'><strong>d.</strong></span> <span class='ocrx_word' id='word_1_297' title='bbox 1470 3931 1594 4032; x_wconf 89' lang='lat' dir='ltr'><strong>Atque</strong></span> <span class='ocrx_word' id='word_1_298' title='bbox 1620 3931 1694 4006; x_wconf 92' lang='lat' dir='ltr'><strong>hoc</strong></span> <span class='ocrx_word' id='word_1_299' title='bbox 1718 3931 1815 4008; x_wconf 86' lang='lat' dir='ltr'><strong>idern</strong></span> <span class='ocrx_word' id='word_1_300' title='bbox 1842 3962 1910 4009; x_wconf 91' lang='lat' dir='ltr'><strong>no·</strong></span> 
     </span>
     <span class='ocr_line' id='line_1_32' title="bbox 330 4051 1908 4160; baseline 0.001 -28"><span class='ocrx_word' id='word_1_301' title='bbox 330 4084 415 4132; x_wconf 86' lang='lat' dir='ltr'><strong>rnen</strong></span> <span class='ocrx_word' id='word_1_302' title='bbox 451 4059 573 4130; x_wconf 92' lang='lat' dir='ltr'><strong>nescio</strong></span> <span class='ocrx_word' id='word_1_303' title='bbox 610 4081 655 4128; x_wconf 85' lang='lat' dir='ltr'><strong>an</strong></span> <span class='ocrx_word' id='word_1_304' title='bbox 690 4051 918 4128; x_wconf 86' lang='lat' dir='ltr'><strong>reddendum</strong></span> <span class='ocrx_word' id='word_1_305' title='bbox 950 4057 997 4127; x_wconf 86' lang='lat' dir='ltr'><strong>sit</strong></span> <span class='ocrx_word' id='word_1_306' title='bbox 1035 4052 1199 4128; x_wconf 85' lang='lat' dir='ltr'><strong>Stobaeo</strong></span> <span class='ocrx_word' id='word_1_307' title='bbox 1226 4054 1327 4129; x_wconf 83' lang='lat' dir='ltr'><strong>Flor.</strong></span> <span class='ocrx_word' id='word_1_308' title='bbox 1347 4052 1524 4144; x_wconf 87' lang='lat' dir='ltr'><strong>XCVIII,</strong></span> <span class='ocrx_word' id='word_1_309' title='bbox 1544 4058 1606 4141; x_wconf 86' lang='grc'><strong>66.</strong></span> <span class='ocrx_word' id='word_1_310' title='bbox 1636 4056 1771 4160; x_wconf 83' lang='lat' dir='ltr'><strong>lyricos</strong></span> <span class='ocrx_word' id='word_1_311' title='bbox 1799 4086 1908 4160; x_wconf 89' lang='lat' dir='ltr'><strong>quos-</strong></span> 
     </span>
     <span class='ocr_line' id='line_1_33' title="bbox 330 4168 1908 4284; baseline 0.001 -29"><span class='ocrx_word' id='word_1_312' title='bbox 330 4180 414 4254; x_wconf 90' lang='lat' dir='ltr'><strong>dam</strong></span> <span class='ocrx_word' id='word_1_313' title='bbox 447 4204 571 4255; x_wconf 80' lang='lat' dir='ltr'><strong>versus</strong></span> <span class='ocrx_word' id='word_1_314' title='bbox 613 4177 781 4251; x_wconf 79' lang='lat' dir='ltr'><strong>asserenti</strong></span> <span class='ocrx_word' id='word_1_315' title='bbox 815 4175 1000 4279; x_wconf 87' lang='lat' dir='ltr'><strong>adscripto</strong></span> <span class='ocrx_word' id='word_1_316' title='bbox 1029 4168 1237 4284; x_wconf 72' lang='grc' dir='ltr'><em>Ἑρμολόχου</em></span> <span class='ocrx_word' id='word_1_317' title='bbox 1273 4180 1436 4251; x_wconf 90' lang='lat' dir='ltr'><strong>nomine.</strong></span> <span class='ocrx_word' id='word_1_318' title='bbox 1498 4180 1552 4251; x_wconf 87' lang='lat' dir='ltr'><strong>Ea</strong></span> <span class='ocrx_word' id='word_1_319' title='bbox 1584 4197 1681 4254; x_wconf 89' lang='lat' dir='ltr'><strong>certe</strong></span> <span class='ocrx_word' id='word_1_320' title='bbox 1720 4181 1908 4282; x_wconf 86' lang='lat' dir='ltr'><strong>aliquanto</strong></span> 
     </span>
     <span class='ocr_line' id='line_1_34' title="bbox 328 4294 1907 4404; baseline -0.001 -25"><span class='ocrx_word' id='word_1_321' title='bbox 328 4306 450 4379; x_wconf 89' lang='lat' dir='ltr'><strong>lenior</strong></span> <span class='ocrx_word' id='word_1_322' title='bbox 474 4305 682 4377; x_wconf 82' lang='lat' dir='ltr'><strong>coniectura</strong></span> <span class='ocrx_word' id='word_1_323' title='bbox 709 4301 819 4376; x_wconf 89' lang='lat' dir='ltr'><strong>fuerit</strong></span> <span class='ocrx_word' id='word_1_324' title='bbox 846 4328 954 4402; x_wconf 85' lang='lat' dir='ltr'><strong>quam</strong></span> <span class='ocrx_word' id='word_1_325' title='bbox 981 4298 1150 4401; x_wconf 81' lang='lat' dir='ltr'><strong>Pfluglii,</strong></span> <span class='ocrx_word' id='word_1_326' title='bbox 1188 4304 1248 4374; x_wconf 91' lang='lat' dir='ltr'><strong>cui</strong></span> <span class='ocrx_word' id='word_1_327' title='bbox 1273 4294 1450 4390; x_wconf 82' lang='grc' dir='ltr'><em>Σιμωνίδου</em></span> <span class='ocrx_word' id='word_1_328' title='bbox 1476 4301 1731 4404; x_wconf 89' lang='lat' dir='ltr'><strong>reponendum</strong></span> <span class='ocrx_word' id='word_1_329' title='bbox 1758 4303 1907 4379; x_wconf 87' lang='lat' dir='ltr'><strong>videba-</strong></span> 
     </span>
     <span class='ocr_line' id='line_1_35' title="bbox 328 4422 1488 4527; baseline -0.004 -24"><span class='ocrx_word' id='word_1_330' title='bbox 328 4441 401 4521; x_wconf 84' lang='lat' dir='ltr'><strong>tur,</strong></span> <span class='ocrx_word' id='word_1_331' title='bbox 432 4424 533 4527; x_wconf 88' lang='lat' dir='ltr'><strong>quod</strong></span> <span class='ocrx_word' id='word_1_332' title='bbox 560 4440 735 4526; x_wconf 87' lang='lat' dir='ltr'><strong>sequutus</strong></span> <span class='ocrx_word' id='word_1_333' title='bbox 762 4441 817 4499; x_wconf 87' lang='lat' dir='ltr'><strong>est</strong></span> <span class='ocrx_word' id='word_1_334' title='bbox 841 4422 1142 4499; x_wconf 75' lang='lat' dir='ltr'><strong>Schneidewinus</strong></span> <span class='ocrx_word' id='word_1_335' title='bbox 1166 4423 1313 4499; x_wconf 87' lang='lat' dir='ltr'><strong>Delect.</strong></span> <span class='ocrx_word' id='word_1_336' title='bbox 1342 4452 1381 4527; x_wconf 91' lang='lat' dir='ltr'><strong>p.</strong></span> <span class='ocrx_word' id='word_1_337' title='bbox 1402 4429 1488 4498; x_wconf 89' lang='grc'>393.</span> 
     </span>
    </p>

    <p class='ocr_par' dir='ltr' id='par_1_11' title="bbox 328 4541 1907 4769">
     <span class='ocr_line' id='line_1_36' title="bbox 469 4541 1907 4656; baseline 0.003 -35"><span class='ocrx_word' id='word_1_338' title='bbox 469 4547 541 4622; x_wconf 91' lang='lat' dir='ltr'><strong>XV</strong></span> <span class='ocrx_word' id='word_1_339' title='bbox 566 4576 605 4650; x_wconf 91' lang='lat' dir='ltr'><strong>p.</strong></span> <span class='ocrx_word' id='word_1_340' title='bbox 626 4551 698 4622; x_wconf 87' lang='grc'><strong>698</strong></span> <span class='ocrx_word' id='word_1_341' title='bbox 717 4546 754 4621; x_wconf 86' lang='lat' dir='ltr'><strong>d.</strong></span> <span class='ocrx_word' id='word_1_342' title='bbox 810 4547 974 4651; x_wconf 84' lang='lat' dir='ltr'><strong>Hegemo</strong></span> <span class='ocrx_word' id='word_1_343' title='bbox 998 4546 1173 4623; x_wconf 86' lang='lat' dir='ltr'><strong>Thasius:</strong></span> <span class='ocrx_word' id='word_1_344' title='bbox 1210 4548 1305 4639; x_wconf 82' lang='grc' dir='ltr'><em>μνῆμ’</em></span> <span class='ocrx_word' id='word_1_345' title='bbox 1332 4541 1479 4620; x_wconf 79' lang='grc' dir='ltr'><em>ἀνέπεισε</em></span> <span class='ocrx_word' id='word_1_346' title='bbox 1503 4542 1641 4656; x_wconf 71' lang='grc' dir='ltr'><em>γέροντα</em></span> <span class='ocrx_word' id='word_1_347' title='bbox 1668 4546 1722 4622; x_wconf 77' lang='grc' dir='ltr'><strong>καί</strong></span> <span class='ocrx_word' id='word_1_348' title='bbox 1747 4553 1805 4642; x_wconf 79' lang='grc' dir='ltr'><strong>οὐκ</strong></span> <span class='ocrx_word' id='word_1_349' title='bbox 1830 4547 1907 4626; x_wconf 73' lang='grc' dir='ltr'><strong>ἐθό-</strong></span> 
     </span>
     <span class='ocr_line' id='line_1_37' title="bbox 328 4661 1905 4769; baseline 0.003 -25"><span class='ocrx_word' id='word_1_350' title='bbox 328 4673 412 4746; x_wconf 84' lang='grc' dir='ltr'><em>λοντ’</em></span> <span class='ocrx_word' id='word_1_351' title='bbox 446 4661 610 4757; x_wconf 67' lang='grc' dir='ltr'><em>ἀναβῆναι</em></span> <span class='ocrx_word' id='word_1_352' title='bbox 646 4668 700 4744; x_wconf 75' lang='grc' dir='ltr'><strong>καὶ</strong></span> <span class='ocrx_word' id='word_1_353' title='bbox 733 4662 860 4748; x_wconf 84' lang='grc' dir='ltr'><em>σπόνις.</em></span> <span class='ocrx_word' id='word_1_354' title='bbox 912 4672 957 4745; x_wconf 92' lang='lat' dir='ltr'><strong>ln</strong></span> <span class='ocrx_word' id='word_1_355' title='bbox 993 4669 1048 4744; x_wconf 92' lang='lat' dir='ltr'><strong>bis</strong></span> <span class='ocrx_word' id='word_1_356' title='bbox 1080 4697 1157 4745; x_wconf 91' lang='lat' dir='ltr'><strong>non</strong></span> <span class='ocrx_word' id='word_1_357' title='bbox 1188 4672 1288 4762; x_wconf 85' lang='grc' dir='ltr'><em>λῆμμ’</em></span> <span class='ocrx_word' id='word_1_358' title='bbox 1316 4665 1463 4744; x_wconf 78' lang='grc' dir='ltr'><em>ἀνέπεισε</em></span> <span class='ocrx_word' id='word_1_359' title='bbox 1489 4671 1721 4746; x_wconf 89' lang='lat' dir='ltr'><strong>scribendum</strong></span> <span class='ocrx_word' id='word_1_360' title='bbox 1748 4674 1905 4769; x_wconf 86' lang='lat' dir='ltr'><strong>videtur,</strong></span> 
     </span>
    </p>
   </div>
   <div class='ocr_carea' id='block_1_5' title="bbox 1596 4809 1625 4881">
    <p class='ocr_par' dir='ltr' id='par_1_12' title="bbox 1596 4809 1625 4881">
     <span class='ocr_line' id='line_1_38' title="bbox 1596 4809 1625 4881; baseline 0 0"><span class='ocrx_word' id='word_1_361' title='bbox 1596 4809 1625 4881; x_wconf 82' lang='lat' dir='ltr'>F</span> 
     </span>
    </p>
   </div>
   <div class='ocr_carea' id='block_1_6' title="bbox 0 0 2250 5686">
    <p class='ocr_par' dir='ltr' id='par_1_13' title="bbox 0 0 2250 5686">
     <span class='ocr_line' id='line_1_39' title="bbox 0 0 2250 5686; baseline 0 3"><span class='ocrx_word' id='word_1_362' title='bbox 0 0 2250 5686; x_wconf 95' lang='lat' dir='ltr'><strong> </strong></span> 
     </span>
    </p>
   </div>
  </div>
 </body>
</html>
