4492 5686
1101 234 1145 303 to

1006 347 1240 372 ΜΛΜΜΜΜΜ

333 507 480 593 gmento
508 487 605 592 apud
631 487 795 592 Etymol.
824 487 878 559 M.
909 514 946 589 p.
963 488 1023 561 77.
1051 479 1264 587 Ἀμάμαξυςε
1289 487 1306 570 ἡ
1327 478 1525 594 ὀναδενδράς.
1573 481 1785 594 Ἐπίχαρμος
1807 490 1837 560 ἓν
1864 488 1915 579 Γᾷ

333 614 387 690 καί
413 608 588 710 Θαλάσσᾳ
611 618 653 689 ‘0
687 610 719 687 ‹l’
740 606 943 714 ὀμαμάξυας
974 609 1071 719 φέρει.
1123 615 1178 687 Ita
1211 617 1309 687 enim
1342 611 1589 687 scribendum.
1644 612 1826 688 Videntur
1853 605 1917 686 auss

331 761 406 819 tem
433 748 470 817 in
497 743 566 817 hac
592 743 716 816 sabula
743 745 892 844 nuptiae
919 740 1123 814 celebratae
1147 765 1238 831 esse,
1273 737 1318 813 ad
1345 767 1434 841 quas
1465 766 1528 814 sua
1561 744 1716 842 quisque
1743 743 1915 814 conriva-

330 899 414 944 rum
447 872 666 972 apportabat
698 893 862 943 munera.
918 866 1055 941 Similis
1089 867 1159 941 fuit
1193 893 1316 941 earum
1343 866 1554 969 Epicharmi
1580 867 1786 940 fabularum
1814 894 1914 941 com·

331 1001 481 1100 positio,
513 1024 602 1099 quas
628 998 673 1069 ab
700 997 829 1069 Hebae
855 998 992 1096 nuptiis
1018 997 1264 1096 inscripserat.

471 1124 692 1224 lupara.
734 1121 920 1196 Nicander
951 1126 990 1194 in
1023 1122 1149 1223 ecloga
1183 1147 1226 1195 ex
1254 1119 1464 1221 Georgicis:
1501 1115 1545 1192 τά
1579 1113 1611 1190 δὲ
1643 1120 1824 1205 πεπτηῶτα
1852 1121 1913 1192 ὀκ-

331 1245 425 1339 μαίου
453 1254 588 1356 καρποῖο
622 1238 775 1355 κιβάρια.
830 1247 1004 1349 Respexit
1034 1247 1127 1321 haec
1159 1246 1277 1321 schol.
1306 1245 1536 1320 Dioscoridis
1563 1251 1601 1320 in
1626 1246 1804 1321 Matthaei
1835 1247 1915 1320 Me·

332 1374 404 1449 dic.
434 1401 553 1476 graec.
582 1377 721 1476 pase.
749 1364 916 1461 Αἰγύπτια
939 1363 1092 1477 κιβαίρια,
1116 1367 1156 1446 ὦν
1177 1369 1334 1464 μέμνηται
1353 1352 1525 1481 Νίκανδρος
1545 1355 1749 1481 Γεωρηικοῖς,
1779 1374 1820 1448 νίς
1835 1375 1914 1445 Ἑλ-

331 1493 440 1577 λάδιος
466 1504 495 1572 ἐν
521 1497 634 1609 χρίσει
661 1495 767 1597 φησίν.
820 1499 897 1573 Ubi
928 1493 1040 1606 χρίσει
1067 1525 1111 1573 ex
1137 1497 1387 1606 χρηστομαθίμ
1413 1517 1628 1602 corruptum
1655 1497 1814 1591 videtur,
1850 1527 1912 1574 cu·

332 1633 387 1702 ius
422 1631 544 1731 operis
575 1628 738 1700 iambicis
772 1630 921 1700 senariis
954 1625 1210 1729 comprehensi
1243 1645 1413 1729 excerpta
1445 1631 1601 1703 servarit
1631 1626 1786 1702 Photius
1813 1625 1912 1700 Bibl.

332 1753 417 1830 cod.
432 1758 518 1828 279.
572 1753 704 1855 Neque
731 1751 879 1827 aliunde
906 1757 1019 1855 petita
1045 1771 1130 1827 sunt
1156 1780 1250 1856 quae
1276 1753 1448 1856 leguntur
1474 1751 1571 1857 apud
1590 1751 1822 1828 Scholiasten
1839 1754 1914 1825 Eu·

332 1881 460 1984 ripidis
485 1879 588 1954 Med.
606 1883 693 1952 610.

473 2007 586 2108 HIp.
599 2010 646 2078 86
668 2032 709 2105 a.
744 2007 807 2078 τῶν
835 1996 1035 2113 στραβήλων
1067 1998 1251 2098 μνημονεύει
1278 2003 1332 2080 καί
1352 2009 1529 2105 Σοφοκλῆς
1553 2011 1583 2080 ἓν
1607 2002 1776 2098 Καμικίοις
1801 1998 1914 2081 οὕτως·

328 2129 440 2211 Ἁλίας
472 2123 667 2241 στραβήλου
701 2127 811 2219 τῆσδε,
846 2129 965 2215 τέκνον,
999 2128 1034 2205 εί
1064 2163 1136 2206 τινα
1166 2127 1341 2224 δυναίμεθ’
1381 2136 1486 2241 εὑρεῖν.
1538 2134 1613 2209 Pro
1653 2129 1753 2220 τῆσδε
1792 2133 1917 2206 forsan

332 2255 405 2358 τήολ
429 2260 676 2334 scribendum.
733 2256 896 2333 Genitiri
916 2258 1082 2360 pendent
1106 2288 1126 2334 a
1153 2263 1269 2336 verbo
1297 2260 1399 2363 quod
1426 2266 1465 2335 in
1496 2263 1746 2364 superioribus
1778 2256 1912 2332 adfuit:

333 2390 402 2460 nisi
428 2389 571 2486 scripsit
596 2401 707 2485 poeta
734 2373 949 2489 στραβήλους
975 2378 1049 2479 τῇδε
1074 2379 1182 2457 τέκνον
1209 2382 1244 2457 εἴ
1260 2417 1401 2463 τινας-

290 2604 303 2621 .
473 2511 530 2583 ΠΙ
547 2536 586 2612 p.
601 2513 647 2580 94
662 2534 695 2582 e.
740 2503 865 2616 Χοδρῶν
897 2538 932 2581 τε
964 2504 1120 2600 μέμνηται
1148 2506 1369 2619 Ἐπίχαρμος,
1400 2501 1440 2588 tle
1470 2505 1564 2618 ὀρύας
1595 2506 1752 2605 ὀνομάζει,
1778 2506 1913 2622 ἐπιγρά-

333 2634 411 2729 ψας
442 2665 473 2709 τι
507 2632 562 2709 καί
586 2636 649 2708 τῶν
678 2628 851 2742 δραμάτων
872 2627 1005 2744 Ὀρύαν.
1056 2635 1221 2710 Difficile
1248 2635 1295 2710 ad
1322 2636 1545 2711 credendum
1573 2656 1627 2712 est
1652 2641 1914 2741 Epicharmum

329 2756 452 2873 Ὀρύαν
478 2760 602 2837 drama
628 2761 720 2836 illud
748 2789 854 2836 suum
890 2788 935 2837 eo
969 2789 1044 2865 quo
1070 2762 1281 2839 Athenaeus
1309 2766 1528 2838 existimasse
1554 2762 1700 2839 videtur
1725 2791 1834 2865 sensu
1859 2767 1913 2838 in·

334 2895 531 2995 scripsisse.
569 2890 656 2964 Alio
684 2889 785 2964 ducit
811 2889 929 2991 glossa
951 2889 1138 2994 Hesychii,
1162 2892 1285 2998 Ὀροῦα
1303 2891 1397 2992 (sic):
1417 2883 1536 2998 χορδή.
1565 2889 1620 2965 καί
1645 2884 1830 3001 σύντριμμα
1855 2921 1915 2964 πο·

332 3012 466 3102 λιτικάν,
492 3022 535 3095 εἰς
559 3005 575 3089 ὀ
597 3009 811 3125 Ἐπιχάρμου
838 3012 955 3124 δρᾶμα.
1007 3015 1083 3091 Ubi
1109 3009 1311 3126 σύστρεμμα
1337 3018 1570 3093 scribendum
1588 3018 1747 3112 videtur,
1776 3020 1928 3093 factio·

334 3147 491 3222 civilis.
547 3143 716 3234 Photius,
751 3137 1015 3249 Συστρίμματαε
1040 3145 1265 3232 Ιστασιαστῶν
1298 3137 1427 3231 πλήθη.
1483 3146 1701 3250 Hesychius,
1739 3153 1913 3254 Συστρεμ-
1983 3154 1987 3162 “

333 3265 462 3362 μάτωνε
488 3259 660 3376 θορύβων.
701 3267 761 3342 Ad
788 3273 1004 3371 scripturam
1029 3273 1189 3343 nominis
1215 3264 1292 3378 ὀρύα
1319 3270 1420 3373 quod
1447 3276 1590 3364 attinet,
1618 3272 1849 3348 Aristarchus
1876 3270 1915 3344 id

334 3388 422 3506 ὀρυια
452 3399 636 3498 scripsisse
667 3393 825 3487 videtur,
860 3400 890 3470 si
924 3413 1021 3471 recte
1055 3395 1221 3497 intelligo
1254 3396 1485 3498 Theognosti
1518 3400 1628 3473 verba
1663 3396 1761 3501 apud
1792 3395 1911 3471 Bekk.

332 3520 476 3599 Anecd.
506 3551 545 3624 p.
562 3530 676 3596 1383:
711 3514 817 3612 ὀγνύα,
850 3516 937 3631 ὀρύα.
959 3518 1180 3633 ’Δρίσταρχος
1206 3518 1384 3598 συστέλλει
1408 3516 1445 3598 τό
1472 3539 1496 3597 οἳ
1521 3522 1576 3598 καί
1599 3519 1728 3598 ἐκτείνει
1753 3518 1790 3598 τό
1815 3541 1834 3597 o
1861 3521 1916 3596 nel

334 3641 579 3760 προπαροξύνει,
610 3645 792 3739 ἐναλλαγήν
823 3642 914 3724 τίνου
942 3647 996 3724 καί
1020 3643 1141 3758 χράνου
1168 3644 1362 3739 πεποιηκυίς,
1391 3642 1433 3728 νίς
1459 3672 1556 3751 φησιν
1579 3643 1781 3761 Ἡρωδανίς.

473 3777 530 3852 ΠΙ
547 3805 586 3881 p.
603 3785 668 3850 111
686 3777 713 3853 1.
752 3770 997 3885 Ἀρχέστρατος
1023 3773 1057 3850 δ’
1082 3781 1113 3850 ἓν
1138 3807 1176 3875 τη
1201 3774 1428 3887 Γαστρονομίᾳ
1460 3777 1531 3887 περί
1560 3774 1707 3877 ἀλφίτων
1735 3770 1834 3856 οὕτως
1859 3783 1913 3852 ἐκ·

333 3898 481 3977 τίθεται·

588 4032 710 4139 Πρῶτα
736 4026 791 4122 μέν
818 4022 868 4106 οὗν
895 4025 1002 4138 δαέρων
1028 4022 1235 4124 μεμνήσομαι
1261 4024 1410 4122 ήυκίμοιο

589 4148 768 4263 Δήμητρος,
798 4152 874 4254 φίλε
898 4148 1037 4251 relege·
1066 4152 1108 4231 σύ
1135 4154 1167 4234 δ
1181 4162 1211 4230 ἐν
1239 4155 1336 4267 φρεσί
1360 4148 1492 4238 βάλλεο
1519 4160 1623 4255 σῇσιν.

581 4272 662 4355 Ιέστι
687 4277 752 4389 γάρ
780 4272 830 4356 οόν
856 4277 900 4357 τά
926 4277 1090 4392 κράτιστα
1114 4275 1233 4364 λαβεῖν
1258 4275 1429 4365 βέλτιστά
1454 4312 1490 4358 τε
1516 4278 1644 4361 πάντων

590 4401 752 4517 εὐκάρπου
780 4408 900 4517 κριθῆς
927 4409 1089 4519 καθαρῶς
1113 4407 1280 4503 ἠσκημένα
1306 4405 1427 4496 πάντα,

588 4538 619 4607 ἓν
644 4525 769 4630 Λέσβῳ
797 4536 920 4622 κλεινῆς
939 4531 1075 4647 Ἐρέσου
1103 4531 1289 4648 περικύμονι
1313 4529 1435 4633 μαστῷ

587 4654 746 4772 λευκότερ
772 4659 921 4772 αἰθερίας
945 4658 1065 4757 χιίνος.
