4492 5686
1094 255 1139 322 ts

467 506 506 580 Χ
522 534 560 610 p.
578 512 647 580 111
666 532 700 580 α.
754 504 1038 609 Astydamantis‚
1067 522 1199 609 poetae
1218 507 1358 608 tragici,
1382 505 1588 611 asseruntur
1604 534 1729 583 versus
1747 534 1792 583 ex
1815 509 1910 582 Her·

329 632 411 706 cnle
438 630 561 705 fabula
588 635 761 735 satyrica:

642 756 732 828 Ἀλλ’
762 744 873 862 ὥσπερ
902 747 1026 826 δείπνου
1052 755 1227 860 γλαφυροῦ
1254 748 1401 840 ποικίλην
1429 750 1573 846 εὐωχίαν

647 873 700 951 τδν
726 865 854 965 ποιητὴν
880 872 930 949 δεῖ
950 869 1107 985 παρέχειν
1134 882 1200 953 τοῖς
1225 874 1368 954 θεαταῖς
1392 870 1447 950 τδν
1473 870 1590 975 σοφίν.

328 1004 511 1106 Perquam
539 1001 687 1104 dignum
720 1006 895 1076 memoria
926 1000 1000 1076 hoc
1031 1000 1272 1102 fragmentum
1299 1019 1353 1077 est
1378 1019 1575 1105 propterea
1603 1001 1705 1104 quod
1732 1028 1779 1076 ne
1804 1006 1910 1103 tragi-

329 1155 408 1202 cam
431 1125 579 1229 quidem
605 1130 735 1227 poesin
763 1127 809 1199 ab
835 1153 904 1198 usu
930 1126 1161 1227 parabasium
1189 1126 1344 1200 alienam
1370 1125 1479 1200 fuisse
1505 1125 1712 1200 luculenter
1735 1123 1908 1200 ostendit.

328 1250 494 1325 Eandem
520 1276 599 1324 rem
625 1248 818 1325 confirmat
842 1247 1021 1324 Aristides
1047 1247 1152 1324 Orat.
1178 1249 1255 1324 vol.
1277 1250 1316 1323 Π
1345 1277 1385 1353 p.
1411 1256 1483 1324 523
1514 1247 1631 1324 Dind.
1669 1247 1723 1323 καί
1748 1244 1912 1343 κωμῳδοῖς

330 1371 385 1465 μὲν
413 1371 468 1446 καί
493 1368 670 1481 τραγῳδοῖς
696 1369 841 1448 scissis
867 1367 1055 1461 ἀναγκαίοις
1075 1365 1199 1449 τούτοις
1219 1375 1418 1463 ἀγωνισταῖς
1439 1367 1497 1446 ῖδοι
1509 1403 1557 1450 τις
1580 1362 1618 1446 ἂν
1640 1371 1694 1446 καί
1719 1363 1794 1450 ταῖς
1820 1375 1910 1462 ἀγω-

331 1491 472 1573 νοθέτας
498 1493 553 1569 καί
578 1491 652 1573 τοῖς
677 1489 809 1572 θεατάς
834 1496 1077 1602 ἓπιχωροῖντας
1103 1490 1213 1604 μικράν
1233 1527 1265 1570 τι
1291 1494 1362 1605 περὶ
1386 1498 1491 1570 αὐτῶν
1519 1487 1721 1604 παραβῆναι,
1748 1493 1802 1570 καί
1828 1506 1910 1568 πολ-

328 1612 425 1698 λάκις
456 1611 632 1718 ἀφελόντες
662 1615 697 1693 τδ
729 1624 931 1728 προσωπεῖον
962 1613 1090 1720 μεταξδ
1127 1621 1184 1706 τῆς
1216 1613 1339 1711 μούσης
1370 1608 1406 1706 ἢν
1435 1618 1658 1728 ὑποκρίνονται
1695 1616 1913 1730 δημηγοροῦσι

330 1745 465 1835 σεμνῶς.
516 1743 604 1818 Νοα
638 1742 750 1820 credo
781 1762 903 1817 tamen
937 1747 975 1817 in
1007 1741 1204 1844 tragoediis
1236 1742 1273 1818 id
1307 1771 1471 1847 unquam
1501 1763 1630 1847 poetas
1657 1745 1776 1820 lacere
1806 1769 1912 1819 ausos

330 1894 422 1962 esse,
451 1866 515 1942 sed
543 1871 579 1941 in
606 1871 767 1971 satyricis
795 1865 980 1940 dumtaxat
1006 1866 1153 1941 fabulis.
1201 1867 1273 1944 Cui
1292 1873 1493 1944 sententiae
1515 1886 1695 1971 repugnat
1715 1896 1801 1943 sane
1824 1868 1911 1943 Pol-

329 1993 405 2085 lux,
437 1995 501 2095 qui
526 1990 742 2093 Euripidem
769 1995 807 2064 in
832 1990 957 2066 multis
983 1990 1130 2083 sabulis,
1162 1989 1389 2093 Sophoclem
1416 2010 1536 2068 autem
1562 1998 1600 2066 in
1621 1994 1826 2096 Hipponoo
1847 2020 1911 2095 pa·
2015 2054 2019 2061 .

330 2118 448 2191 rabasi
474 2142 579 2190 usum
608 2140 685 2190 esse
712 2115 869 2189 affirmat
888 2114 954 2208 IV,
982 2141 1039 2189 111.
1068 2109 1223 2222 τραγικδν
1249 2109 1283 2188 δὲ
1316 2116 1374 2189 οὐκ
1401 2112 1490 2189 ἔστιν
1524 2119 1557 2216 (ἡ
1585 2109 1810 2224 παράβασις),
1837 2117 1911 2188 ἀλλ’

329 2233 498 2346 Εὐριπίδης
524 2233 602 2312 adri
629 2232 799 2326 πεποίηκεν
825 2241 856 2311 ἓν
883 2243 1016 2315 πολλοῖς
1043 2230 1218 2346 δράμασιν.
1244 2242 1275 2311 ἐν
1302 2232 1358 2330 μίν
1384 2269 1425 2328 γε
1451 2232 1623 2337 τῇΔανάῃ
1649 2234 1702 2314 τδν
1727 2235 1828 2347 χορδν
1853 2234 1914 2315 τὰς

330 2369 489 2454 γυναῖκας
513 2357 593 2472 ὑπὲρ
621 2364 719 2437 αὐτοῦ
746 2391 778 2436 τι
798 2354 937 2450 ποιιίσας
959 2355 1125 2471 παράδειν,
1151 2355 1377 2456 ἐκλαθόμενος
1402 2365 1444 2440 ως
1461 2357 1577 2473 άνδρας
1596 2358 1702 2453 λέγειν
1720 2359 1851 2448 ἐποίησε
1867 2363 1913 2454 τῷ

330 2480 486 2581 σγρίματι
512 2488 569 2573 τῖς
593 2480 714 2589 λίξιως
740 2482 801 2564 τάς
824 2491 993 2575 γυναῖκας.
1020 2484 1075 2560 καί
1100 2488 1277 2584 Σοφοκλῆς
1303 2482 1336 2559 δὲ
1362 2481 1441 2560 αὐτδ
1465 2490 1503 2562 ἐκ
1523 2489 1580 2575 τῆς
1598 2483 1678 2596 πρδς
1701 2481 1796 2562 αὐτδν
1816 2481 1912 2578 ἁμίλ·

329 2623 387 2697 λης
413 2615 500 2685 ποιοῖ
519 2603 712 2693 σπανιάκις,
739 2600 850 2718 άσπιρ
875 2612 906 2681 ἓν
929 2602 1079 2702 Ἱππίνμ.
1130 2611 1247 2710 Atqui
1272 2609 1463 2685 Pollucem
1493 2614 1532 2683 in
1559 2615 1669 2685 rebus
1696 2611 1741 2686 ad
1768 2637 1914 2686 scenam

331 2735 579 2839 spectantibus
612 2733 960 2836 negligentissimum
993 2749 1135 2807 constat
1168 2737 1384 2835 scriptorem
1419 2759 1510 2825 esse,
1548 2738 1612 2835 qui
1644 2752 1687 2809 ut
1712 2732 1758 2810 de
1784 2735 1914 2808 Danae

331 2858 524 2935 manifesto
552 2882 594 2931 ea
620 2855 745 2950 tradit,
776 2881 871 2958 quae
897 2856 991 2930 nihil
1017 2855 1154 2929 faciunt
1180 2855 1225 2929 ad
1250 2859 1456 2959 parabasin,
1487 2862 1536 2932 ita
1563 2883 1610 2932 ne
1634 2861 1673 2931 in
1694 2861 1736 2932 iis
1764 2856 1914 2960 quidem

331 3008 425 3087 quse
451 2980 498 3057 de
523 2981 730 3085 Hipponoo
758 2979 878 3074 affert,
907 2978 983 3055 fide
1010 2977 1138 3082 diguus
1164 2979 1356 3056 habendus
1383 2998 1450 3057 est.

470 3105 509 3181 Χ
525 3133 565 3208 p.
583 3107 708 3179 tteb.
760 3104 775 3175 δ
798 3109 870 3182 Χῖος
890 3096 993 3213 ῥήτωρ
1012 3096 1196 3186 Καύκαλος,
1218 3105 1234 3176 ὁ
1254 3096 1450 3195 Θεοπόμπου
1469 3105 1527 3178 τοῦ
1545 3097 1799 3212 ἱστοριογράφου
1817 3098 1912 3176 ἀδελ·

332 3224 403 3329 φάς,
435 3233 466 3303 ἐν
498 3229 543 3322 τῷ
571 3230 628 3301 τοῦ
649 3220 847 3336 Ἡρακλέους
872 3224 1035 3322 ἐγκωμίῳ.
1087 3227 1204 3302 Huius
1236 3233 1424 3331 scriptoris
1458 3255 1595 3303 nomen
1625 3229 1739 3303 latere
1769 3226 1915 3304 videtur

331 3351 430 3457 apud
452 3351 627 3425 Photium
648 3379 688 3454 p.
710 3358 798 3441 221,
816 3359 853 3425 8.
873 3353 938 3425 ubi
960 3349 1100 3427 editurr
1128 3343 1306 3428 Καύκασα
1326 3346 1359 3423 dl
1379 3346 1431 3424 δδ
1449 3347 1486 3424 cl
1505 3351 1702 3458 ὄλιγωρῆσαι
1720 3353 1777 3438 τῆς
1790 3353 1912 3457 ’Appo-

331 3473 417 3565 δ’της
434 3470 583 3568 Λημνίας.
634 3472 748 3551 Aliud
769 3479 941 3551 rarissimi
961 3478 1119 3551 nominis
1142 3475 1351 3577 exemplum
1372 3492 1426 3551 est
1444 3474 1543 3579 apud
1563 3474 1754 3580 Scylacem
1769 3473 1910 3577 Peripl.
1942 3516 1945 3521 ·

335 3604 405 3678 107
432 3603 498 3677 ubi
519 3602 696 3675 Καυκαλοῖι
721 3592 929 3700 (Καυκάλου)
956 3591 1049 3690 κάμοι
1076 3615 1312 3674 memoratur.

471 3726 511 3800 X
532 3754 572 3830 p.
592 3729 663 3798 tta
680 3751 712 3799 a.
763 3716 977 3814 Ἀστυδάμας
1008 3719 1040 3796 δ’
1064 3725 1079 3794 ὃ
1105 3715 1264 3809 Μιλήσιος
1291 3719 1358 3832 τρῖς
1386 3715 1561 3813 Ὀλιίμπια
1592 3717 1726 3811 νικήσας
1757 3719 1847 3798 κατά
1877 3718 1914 3797 τδ

331 3851 407 3950 ἑξῆς
427 3843 642 3958 παγκράτιον.
693 3847 947 3953 Astydsmanti
967 3847 1194 3949 Astyanactis
1220 3873 1358 3922 nomeu
1383 3846 1677 3923 substituendum
1699 3874 1778 3923 esse
1804 3847 1915 3922 docui

332 3971 443 4075 Spec.
459 3972 477 4044 Ι
494 3999 533 4073 p.
556 3979 613 4047 16.
639 3975 704 4049 ubi
725 3977 779 4062 iis,
802 3999 895 4076 quae
917 3970 963 4045 de
977 3970 1220 4046 celeberrimo
1240 3975 1480 4075 pancratiaste
1500 3972 1617 4062 attuli,
1639 3971 1733 4047 adde
1748 3970 1911 4075 Syncell.

332 4094 392 4170 ed.
414 4095 535 4167 Bonn.
555 4121 594 4197 p.
614 4101 681 4167 251
699 4088 893 4196 Ἀστυάναξ
915 4086 1073 4182 Μιλήσιος
1099 4089 1136 4168 τδ
1159 4086 1363 4204 παγκράτιον
1392 4096 1465 4190 νικᾷ
1490 4091 1603 4203 τρίτον.
1630 4089 1720 4173 οὗτος
1745 4089 1854 4169 δὲκαὶ
1876 4086 1916 4196 ἓξ
2016 4169 2017 4173 ,

331 4214 450 4327 ἀνδρῶν
476 4212 566 4293 σιτία
595 4209 790 4309 κατήσθιεν.
842 4217 948 4293 Idem
979 4244 1116 4294 nomen
1143 4223 1182 4292 in
1206 4212 1363 4296 Ἀτυάνας
1394 4236 1608 4322 corruptum
1633 4222 1793 4295 arbitror
1815 4217 1913 4322 apud

331 4343 574 4450 Phlegoutem
599 4341 724 4417 Photii
745 4341 843 4416 Bibl.
871 4370 910 4444 p.
934 4351 1076 4435 83,10.
1126 4336 1286 4421 Ἀτυάνας
1305 4335 1544 4453 Ἱπποκράτους
1564 4338 1775 4451 Ἀδραμυτίον
1801 4345 1888 4418 παῖς.

472 4465 529 4538 IX
550 4495 590 4569 p.
615 4473 688 4542 415
711 4469 750 4541 b.
806 4464 967 4541 Sosithei
1006 4466 1053 4542 de
1089 4467 1254 4573 Lityersa
1287 4496 1413 4545 versus
1452 4473 1502 4545 ita
1540 4496 1560 4542 a
1592 4465 1791 4542 Dindorfio
1826 4465 1916 4544 editi

331 4590 521 4693 leguntur:
970 4624 975 4632 ·
