4492 5686
1194 230 1217 304 6

552 490 610 567 Ill
633 517 672 597 p.
693 494 764 565 116
778 517 812 565 a.
861 481 1060 580 Εὐθόόημνς
1086 489 1101 561 ό
1123 487 1300 576 Ἀθηναῖος
1324 490 1355 561 ἐν
1388 482 1439 582 τηῖ
1467 485 1539 597 περὶ
1563 484 1711 598 ταρίχων
1738 483 1885 567 Ἡσίοδόν
1917 511 2001 589 φησι

413 613 484 729 τερῖ
507 608 638 692 πόντων
663 615 727 690 τῶν
752 607 1010 722 ταριχευομένων
1037 601 1115 685 τόδ’
1140 607 1291 720 εἰρηκέναι

663 731 841 837 Ἀμφακες
867 733 924 831 μὲν
952 738 1079 846 πρῶτον
1106 728 1220 827 στόμα
1245 733 1301 811 καί
1326 729 1516 846 κριταίαντα
1537 732 1594 811 καί
1617 729 1713 823 θείην

667 860 835 953 γναθμῶν
861 853 1040 963 ήνόόξαντο
1065 854 1249 953 ὣσείμονες
1273 850 1502 955 ἰχθυβολῆες,

668 983 712 1065 οίς
736 989 752 1060 ό
778 978 1009 1095 ταριχόπλεως
1034 973 1092 1057 iile
1116 976 1294 1094 Βόσπορος,
1321 988 1351 1057 οἱ
1373 977 1602 1094 τνθόγαστρον

668 1105 848 1201 τμήγοντες
869 1102 1062 1218 τετράγωνα
1086 1103 1225 1216 ταρίχια
1249 1103 1479 1183 τεκταίνονται.

670 1228 719 1308 ναί
743 1228 803 1317 μήν
831 1234 890 1306 οὐκ
914 1226 1029 1309 ἀκλεὲς
1054 1229 1188 1319 θνητοῖς
1214 1226 1306 1322 γένος
1330 1226 1555 1341 όξυορόγχου,

667 1347 701 1430 όν
729 1355 784 1430 καί
808 1349 881 1430 όλον
909 1351 964 1428 καί
988 1350 1109 1444 τμητόν
1135 1347 1212 1433 ἅλες
1237 1361 1372 1466 τρηχεῖς
1395 1349 1590 1448 ἐκόμισσαν.

669 1471 797 1554 θύννων
822 1474 855 1552 δ’
884 1474 1005 1586 ὡραίων
1032 1471 1206 1570 Βυζάντιον
1231 1473 1350 1555 ἔπλετο
1376 1473 1490 1589 μήτηρ,

673 1597 728 1676 καῖ
753 1592 939 1710 σκόμβρων
964 1591 1102 1682 βυθίων
1129 1630 1166 1675 τε
1192 1600 1248 1676 καί
1272 1595 1432 1712 εὐχόρτου
1457 1593 1683 1684 λιβιβόττεω.
2000 1696 2006 1706 Ι

416 1731 559 1808 Omitto
591 1743 724 1805 cetera.
784 1722 941 1801 Videtur
971 1725 1062 1801 haec
1097 1730 1177 1829 ipse
1205 1726 1460 1831 Euthydemus
1492 1727 1690 1804 fabricatus
1720 1753 1818 1823 esse;
1852 1732 2000 1804 minime

414 1859 513 1931 enim
547 1852 703 1929 Gesneri
732 1851 870 1954 Aquat.
904 1876 944 1952 p.
971 1849 1043 1924 973
1076 1855 1254 1925 sententia
1283 1853 1436 1954 probari
1466 1869 1603 1956 potest,
1637 1852 1875 1929 Archestrato
1913 1853 2001 1928 illos

413 2004 538 2054 versus
571 1978 786 2068 tribuentis,
826 1977 1001 2077 quoniam
1033 1977 1064 2046 is
1089 1976 1105 2046 ὃ
1131 1974 1195 2046 τῶν
1229 1968 1420 2074 ὀψοφάγων
1446 1971 1595 2053 Ἡσίοδος
1621 1978 1667 2050 ab
1697 1976 1836 2051 Athen.
1859 1975 1932 2052 vu
1957 2004 1998 2079 p.

414 2110 505 2177 310.
521 2127 555 2176 a.
585 2116 750 2176 vocetur.
792 2096 953 2172 Multum
980 2101 1078 2173 enim
1105 2101 1172 2172 ista
1199 2099 1245 2173 ab
1272 2096 1533 2175 Archestrateo
1562 2098 1709 2175 dicendi
1735 2126 1867 2203 genere
1899 2124 2001 2175 rece·

416 2224 518 2299 dunt.
559 2222 689 2298 Priora
714 2237 757 2296 ut
782 2221 996 2296 insanabilia
1021 2225 1313 2325 praetermittere
1340 2223 1479 2300 licebit.
1522 2224 1627 2301 Vs.3
1655 2224 1742 2298 libri
1768 2216 2001 2332 τυθόγαστρι,

416 2346 517 2450 quod
545 2350 609 2449 qui
633 2337 861 2454 τιθόγαστροι
888 2348 1032 2448 scripsit
1059 2343 1314 2437 Casaubonus‚
1348 2372 1427 2420 non
1453 2350 1625 2448 cogitavit
1649 2351 1849 2449 piscatores
1875 2351 2000 2449 inepte

416 2473 613 2547 sicvocari.
635 2467 880 2543 scribendum
900 2457 928 2540 ‘ir
956 2461 1214 2577 τιθογόστροις,
1242 2473 1321 2570 qui
1341 2470 1590 2571 gulonibus
1609 2468 1874 2545 salsamenta
1893 2496 1999 2572 qua·

417 2593 541 2669 drata
556 2591 820 2668 conficiunt.
848 2591 914 2667 Vs.
932 2596 953 2664 ὁ
969 2595 1077 2665 etiam
1091 2620 1189 2666 nunc
1208 2609 1319 2667 teneo
1343 2593 1444 2693 quod
1460 2591 1570 2694 Spec.
1586 2594 1657 2693 Ip.
1672 2601 1733 2666 11.
1751 2596 1894 2668 conieci
1905 2595 2002 2701 ὀξυρ-

418 2710 568 2827 ρόγχου.
603 2714 690 2789 Non
709 2718 828 2789 minus
843 2730 1058 2817 corruptum
1079 2713 1249 2816 estquod
1263 2713 1751 2817 apudLucianumLexiph.
1769 2743 1803 2789 o.
1822 2724 1854 2788 2.
1867 2716 2003 2818 legitur

414 2830 611 2932 ἓγγυοθήκη
625 2864 695 2942 pro
710 2830 901 2927 ἐγγυθήκη,
914 2838 974 2913 vel
989 2835 1091 2940 quod
1105 2839 1162 2911 bis
1182 2841 1221 2913 in
1240 2836 1373 2913 eodem
1393 2839 1544 2914 oraculo
1565 2836 1661 2941 apud
1676 2837 1850 2913 Strabon.
1868 2839 1939 2942 Ip.
1952 2845 1999 2914 53

416 2981 454 3040 et
465 2963 542 3038 XII
554 2989 594 3065 p.
606 2965 679 3036 tao
693 2961 825 3064 legitur
831 2953 986 3070 Πόραμος
999 2954 1180 3069 εὐρυοόίνης.
1193 2987 1264 3065 pro
1279 2988 1355 3065 quo
1374 2979 1473 3038 recte
1488 2968 1649 3066 epitome
1662 2961 1775 3041 habet
1788 2958 2005 3071 ἀργυροδίνης.

414 3090 465 3165 V.
483 3091 520 3162 6.
562 3073 640 3163 ἅλες
672 3090 805 3195 τρηχεῖς
838 3078 1019 3178 ἐκόμισσαν
1052 3110 1130 3160 non
1161 3102 1262 3160 recte
1293 3091 1582 3190 interpretantur
1606 3087 1716 3161 salia
1742 3112 1898 3189 aspera
1924 3114 2000 3190 ap·

414 3227 613 3315 portant.
655 3209 739 3282 Hoc
764 3212 889 3310 potius
916 3207 1017 3300 dicit,
1048 3210 1301 3312 oxyronchum
1320 3227 1382 3285 aut
1399 3214 1581 3313 integrum
1600 3227 1663 3284 aut
1681 3213 1720 3284 in
1738 3210 1893 3285 frustula
1911 3238 2000 3287 con·

418 3339 532 3409 cisum
563 3331 638 3404 sale
673 3328 829 3406 condiri.
871 3330 981 3406 Vs.8
1016 3349 1053 3406 et
1078 3319 1215 3409 βυθίων
1246 3333 1375 3405 inutile
1410 3335 1666 3406 scombrorum
1700 3334 1890 3434 epitheton
1929 3352 1997 3427 est,

416 3483 486 3532 nec
510 3454 690 3559 particula
715 3447 752 3527 τί
778 3480 845 3530 suo
871 3453 958 3528 loco
989 3456 1122 3556 posita.
1172 3451 1418 3530 Scribendum
1442 3453 1586 3531 videtur
1621 3444 1766 3539 κυβίων,
1799 3456 1900 3560 qnod
1934 3465 2002 3535 etsi

416 3582 638 3686 plerumque
666 3578 712 3654 de
739 3575 923 3681 quadratis
949 3577 1253 3654 salsamentorum
1278 3577 1401 3654 frustis
1429 3576 1574 3673 dicitur,
1602 3597 1727 3680 tamen
1753 3585 1862 3655 etiam
1890 3587 2001 3685 piscis

416 3732 555 3781 nomen
582 3720 648 3779 est.
692 3701 772 3777 Cir.
799 3701 935 3777 Arcad.
959 3730 999 3805 p.
1016 3707 1079 3795 42,
1097 3712 1135 3777 3.
1176 3703 1370 3779 Postremo
1395 3729 1504 3780 versu
1528 3730 1600 3807 pro
1628 3693 1841 3786 λιβιβιίττιω
1875 3712 2000 3784 nescio

978 4085 1016 4149 α’.
1048 4094 1166 4169 χαλκῆν
1185 4095 1269 4162 μυῖαν
1288 4084 1422 4177 θηροῖσω.

978 4182 1023 4254 β’.
1044 4179 1194 4276 θηρεόσεις,
1215 4188 1278 4253 ἀλλ’
1301 4190 1333 4251 οὔ
1354 4183 1456 4266 λήψει.

419 4318 503 4394 Quae
521 4316 679 4399 anapaestis
697 4312 862 4395 spondiacis
882 4313 989 4394 scripta
1008 4327 1081 4375 sunt.
1109 4315 1172 4376 Nec
1194 4315 1387 4377 omittendum
1407 4314 1486 4396 qnod
1500 4313 1610 4375 Plinius
1623 4314 1691 4375 HN.
1705 4314 1774 4391 vn,
1788 4315 1890 4391 1135.
1905 4316 1999 4377 alsert:

417 4410 544 4495 Φειίγετε
565 4408 752 4501 κανθαρίδες·
775 4407 862 4478 λύκος
888 4403 987 4499 τίγριος
1008 4406 1083 4486 οῖμμε
1104 4405 1233 4495 (όμμεῗ)
1256 4408 1358 4486 διαίκει,
1380 4429 1410 4478 et
1429 4414 1503 4476 illud
1523 4435 1539 4476 a
1560 4413 1660 4475 Schol.
1682 4416 1756 4475 Ven.
1776 4413 1859 4473 Iliad.
1881 4408 1917 4493 χ’
1937 4417 1999 4477 263

417 4529 570 4582 servatum:
592 4507 663 4601 ιῖρνα
685 4519 802 4593 φιλοῦσι
823 4507 914 4584 λα’κοι,
937 4506 1000 4572 vvir
1022 4515 1060 4578 vir
1081 4507 1225 4593 φιλίουσιν
1246 4511 1371 4601 ἐρασταί,
1393 4516 1429 4577 de
1452 4536 1510 4595 quo
1532 4514 1563 4574 in
1576 4514 1694 4596 Bergkii
1708 4525 1738 4574 et
1752 4511 1883 4574 Caesaris
1897 4515 2000 4578 Diarlo

417 4620 538 4698 Antiqu.
560 4615 635 4679 stud.
657 4615 737 4677 1844
764 4639 793 4698 p.
805 4617 856 4677 12.
879 4616 987 4676 dictum
1015 4629 1072 4692 est,
1099 4616 1169 4680 item
1190 4617 1263 4679 illud
1289 4618 1366 4700 apud
1387 4614 1531 4681 Plutarch.
1560 4613 1678 4689 Quaest.
1701 4613 1755 4674 Gr.
1776 4636 1805 4695 p.
1820 4613 1921 4675 2971).
1947 4609 2000 4688 μή·

417 4746 485 4783 ποτε
507 4711 674 4792 νοστήσαιτε
695 4711 780 4795 φίλην
801 4717 830 4780 ἔς
850 4711 973 4802 πατρίδα
994 4721 1090 4794 γαῖαν.
