4492 5686
1207 238 1254 311 16

1113 352 1348 380 mmm

436 495 525 587 λέγει
551 491 616 606 γάρ
643 487 690 570 ’ὅτι
715 498 746 568 ἐν
772 487 874 591 τούτῳ
908 496 946 591 τῇ
981 495 1024 592 ’γῇ
1051 497 1067 566 5
1093 484 1329 603 πρεσβύτατος
1354 488 1565 571 ἀκοντισθεὶς
1591 490 1644 567 διά
1669 497 1726 568 τοῦ
1749 489 1898 582 στήθους
1924 488 2018 569 ἀτά-

435 634 520 695 λετο.
566 617 621 694 καὶ
640 617 792 692 ἐντεῦθεν
811 612 904 692 Ἴωσι
927 614 982 692 καί
1005 619 1172 692 Αἰολεῦσιν
1198 613 1336 711 αἴνιγμα
1360 611 1477 707 γέγονε
1504 619 1633 726 Θρᾷκες
1662 609 1754 726 άρκια
1780 622 1838 693 οὐκ
1863 616 2017 694 ἐπίσταν-

436 775 500 819 ται.
541 743 646 838 Quae
673 741 868 817 Menandri
894 743 1119 817 Protectoris
1151 745 1263 817 verba
1298 768 1375 816 esse
1401 768 1478 817 non
1504 759 1603 817 recte
1630 746 1754 816 statuit
1778 742 2016 817 Niebuhrius.

436 866 680 944 Scribendum
708 862 885 975 Μαίανδρος
909 871 986 941 sive
1010 859 1210 975 Μαιάνδριος.
1255 867 1430 970 Denique
1458 865 1617 940 eundem
1648 871 1883 969 scriptorem,
1919 870 2020 939 cuius

436 1018 573 1068 nomen
599 993 784 1093 frequenti
818 1007 855 1064 et
882 991 978 1064 sacili
1013 1016 1138 1065 errore
1171 994 1306 1092 passim
1337 985 1490 1099 Λέανδρος
1516 1019 1581 1064 seu
1605 983 1769 1100 Λέανδριος
1795 991 1904 1065 scribi
1931 1015 2018 1063 con·

437 1135 519 1211 stat,
549 1119 858 1191 commenmorari
886 1118 1053 1217 suspicor
1078 1142 1098 1187 a
1127 1115 1317 1216 Stephano
1344 1114 1431 1217 Byr.
1461 1143 1497 1189 ν.
1520 1105 1610 1200 Ὕδη.
1636 1109 1800 1222 Λέανδρος,
1819 1102 1853 1186 δν
1873 1104 2019 1221 Νικάνωρ

436 1236 662 1349 παρατίθησιν
688 1242 718 1311 ἓν
745 1234 1005 1332 μετονομασίαις,
1035 1234 1091 1324 τήν
1118 1234 1217 1324 αὐτὴν
1235 1233 1332 1325 “Idas
1359 1235 1413 1311 καί
1442 1229 1579 1347 Σάρδεις
1605 1234 1714 1335 φησίν,
1738 1240 1804 1311 ubi
1827 1237 1939 1340 vulgo
1965 1237 2018 1311 le·

436 1371 532 1468 gitur
557 1359 710 1470 Λέανδρος
736 1365 750 1435 5
777 1354 935 1470 Νικάνωρ,
964 1388 1141 1464 quaeres
1168 1366 1205 1435 in
1233 1389 1395 1436 errorem
1422 1360 1525 1436 duxit
1548 1361 1710 1436 Keilium
1736 1363 1764 1435 l.
1792 1361 1820 1434 l.
1849 1389 1888 1463 p.
1911 1369 1969 1434 13.

578 1488 649 1561 Vll
666 1515 705 1589 p.
728 1491 801 1557 325
825 1484 863 1558 d.
910 1480 989 1556 Ἐἀν
1022 1480 1054 1556 δ’
1088 1487 1253 1581 ἀποπνιγῇ
1288 1479 1404 1592 τρίγλη
1437 1485 1533 1576 ζῶσα
1565 1489 1596 1558 ἐν
1631 1479 1700 1577 οίνῳ
1730 1481 1785 1556 καί
1817 1486 1911 1557 τοῦτο
1943 1479 2018 1591 ἀνὴρ

438 1608 511 1709 τίη,
545 1601 786 1718 ἀφροδισιάζειν
818 1609 854 1679 οὐ
888 1599 1074 1696 δινήσεται,
1106 1611 1148 1685 ὡς
1184 1603 1377 1716 Τερψικλῆς
1409 1613 1535 1716 ἱστορεῖ
1564 1611 1595 1680 ἓν
1629 1609 1674 1701 τῷ
1710 1604 1782 1716 τερδ
1812 1602 2018 1716 ἀφροδισίων.

435 1735 541 1810 Idem
575 1732 739 1809 eiusdem
770 1732 931 1806 hominis
958 1758 1051 1833 opus
1077 1730 1247 1807 laudatur
1270 1731 1327 1805 IX
1352 1761 1392 1835 p.
1416 1736 1487 1806 391
1505 1733 1534 1807 f.
1591 1726 1784 1839 Τερψικλῆς
1809 1726 1884 1809 τοὺς
1908 1734 2017 1828 ἔμφα-

436 1852 556 1949 γίντας
589 1854 672 1944 φησὶ
703 1854 880 1964 στρουθῶν
911 1847 1174 1963 ἐπικαταφάρους
1207 1850 1287 1962 τρδς
1313 1850 1490 1965 ἀφροδίσια
1518 1851 1687 1946 γίνεσθαι.
1732 1855 1881 1930 Nomen
1911 1855 2019 1929 huius

436 1986 626 2086 scriptoris
644 1979 743 2055 haud
766 1979 878 2054 dubie
897 1978 1024 2053 fictum
1043 1994 1110 2071 est,
1135 1982 1273 2080 quippe
1294 1981 1339 2052 ab
1360 1997 1573 2081 argumento
1594 1980 1681 2054 libri
1702 1978 1866 2072 ductum,
1890 2005 2016 2081 quem-

437 2104 636 2181 admodum
664 2103 854 2180 consimile
880 2102 1109 2204 Terpsionis,
1140 2128 1251 2205 quem
1277 2101 1503 2178 Archestrati
1529 2107 1739 2205 magistrum
1758 2105 1868 2178 luisse
1887 2120 1925 2176 et
1941 2107 2016 2206 pri-

435 2258 536 2305 mum
572 2228 842 2331 Gastrologiam
877 2224 1084 2301 condidisse
1115 2231 1215 2302 testis
1251 2226 1451 2303 Clearchus
1486 2243 1540 2302 est
1573 2226 1671 2328 apud
1704 2226 1841 2301 Athen.
1860 2226 1951 2301 VIII
1976 2253 2014 2327 p.

437 2357 524 2428 337.
542 2382 576 2427 a.

577 2476 667 2550 VIII
692 2504 732 2578 p.
751 2483 823 2548 333
837 2501 871 2549 e.
913 2473 1198 2578 Polycharmus:
1234 2473 1289 2547 sal
1318 2471 1533 2582 παραγίνεται
1565 2465 1703 2566 ἰχθύων
1738 2471 1872 2561 πλῆθος
1899 2475 2016 2547 τοσοῦ-

437 2629 490 2673 τον
519 2589 603 2672 ὥστ’
631 2592 886 2685 ἐκπλήττεσθαι
916 2594 954 2669 τδ
986 2592 1097 2705 ὁρατδν
1131 2600 1188 2670 τοῦ
1221 2591 1429 2704 πράγματος.
1469 2598 1641 2699 Ineptum
1669 2594 1816 2670 dicendi
1843 2623 1955 2698 genus
1982 2590 2018 2671 τδ

438 2717 550 2832 ὁρατδν
569 2722 628 2795 τοῦ
647 2713 844 2830 πράγματος
857 2721 988 2795 frustra
1002 2722 1194 2822 Epitomes
1209 2737 1336 2795 auctor
1360 2722 1556 2796 obscurare
1578 2734 1729 2794 conatus
1750 2736 1802 2794 est
1820 2719 2016 2794 scribendo

436 2841 492 2933 τὴν
517 2835 628 2954 ἀρασιν
654 2845 712 2918 τοῦ
738 2835 944 2951 πράγματος.
985 2843 1250 2947 Polycharmus
1278 2847 1470 2947 scripserat
1495 2831 1532 2916 τά
1564 2833 1699 2950 ἀάρατον
1726 2844 1782 2915 τοῦ
1808 2835 2017 2952 πράγματος.

436 2975 500 3045 rei
528 2969 834 3045 insolentiam.

575 3093 667 3170 VIII
692 3121 731 3197 p.
749 3097 822 3166 319
839 3118 869 3166 e.
909 3091 1101 3167 Machonis
1127 3107 1252 3168 versus
1278 3097 1327 3168 ita
1355 3091 1569 3167 scribendos
1595 3097 1778 3195 suspicor:

789 3217 832 3286 ‘tt
856 3208 1083 3321 Νικοκρέοντος
1105 3218 1241 3290 εἰσιοῖσ’
1265 3210 1427 3316 ’Λξιοθέα

792 3331 873 3426 γυνὴ
902 3331 989 3426 μετά
1014 3332 1189 3424 παιδίσκης
1215 3328 1326 3446 ἅβρας
1346 3343 1388 3414 εἰς
1412 3332 1467 3411 τδν
1492 3332 1589 3410 πάτον

794 3451 1013 3558 ἀτεψάφησε,
1039 3450 1128 3554 κᾷτα
1154 3463 1200 3556 τῷ
1226 3456 1391 3556 Σικυωνίῳ

792 3575 985 3673 ἀμυγδάλην
1005 3574 1162 3664 ἐπιβᾶσα
1187 3575 1375 3694 συνέτριβεν
1400 3577 1504 3681 τάχῳ.

793 3700 1010 3814 Στρατάνικος
1031 3703 1115 3780 εἶπεν
1138 3709 1232 3800 »οὐχ
1249 3699 1353 3802 ’άμενος
1378 3711 1394 3780 5
1416 3702 1565 3806 ψάφοάῖ

435 3834 560 3906 Primo
587 3857 694 3907 versu
720 3832 854 3934 legitur
877 3831 988 3933 vulgo
1015 3831 1163 3904 εἰσιοῦσα
1184 3825 1321 3913 Βιοθέα,
1348 3830 1448 3934 quod
1468 3849 1568 3907 recte
1588 3830 1796 3909 emendavit
1813 3832 2013 3910 Wesselin·

435 3959 513 4056 gius
540 3952 585 4025 ad
611 3952 727 4026 Diod.
758 3953 833 4029 Sic.
849 3953 938 4046 XX,
957 3963 1018 4028 21.
1060 3954 1116 4028 lta
1137 3958 1235 4028 enim
1256 3971 1464 4030 constanter
1484 3959 1529 4029 ab
1550 3956 1628 4031 aliis
1641 3955 1910 4046 Nicocreontis,
1940 3955 2013 4059 Cy·

434 4082 602 4180 priorum
627 4076 757 4176 reguli,
787 4103 882 4149 uxor
908 4077 1127 4179 appellatur,
1157 4104 1235 4151 non
1259 4077 1427 4152 Biothea.
1468 4080 1586 4154 Versu
1611 4083 1721 4155 tertio
1742 4079 1931 4181 legebatur
1951 4080 2014 4152 τῶν

435 4192 629 4281 Σικυωνίων,
655 4194 756 4298 quod
779 4202 844 4297 qui
862 4203 911 4271 ita
933 4201 1154 4300 intelligunt,
1183 4217 1228 4274 ut
1248 4200 1474 4304 amygdalam
1496 4202 1706 4306 Sicyonium
1726 4202 1907 4278 Axiothea
1926 4228 2014 4277 con·

435 4327 576 4397 trivisse
603 4319 756 4411 dicatur,
787 4317 921 4394 docere
947 4320 1134 4397 debebant
1160 4322 1414 4426 Sicyoniarum
1440 4324 1711 4430 amygdalarum
1737 4326 1896 4427 aliquam
1915 4325 2014 4427 apud

436 4444 598 4518 Graecos
618 4441 764 4516 laudem
780 4444 905 4534 luisse3
935 4459 1036 4517 atne
1056 4472 1193 4520 nomen
1215 4445 1364 4548 quidem
1385 4475 1511 4523 earum
1530 4451 1650 4524 attulit
1669 4447 1879 4522 Athenaeus
1898 4452 1937 4522 in
1951 4475 2013 4523 co-

435 4571 537 4670 piosa
570 4563 617 4638 de
652 4563 848 4667 amygdalis
872 4563 1119 4666 disputatione
1140 4569 1178 4642 Π
1206 4597 1246 4671 p.
1272 4576 1319 4643 52
1340 4572 1379 4644 b.
1404 4617 1418 4630 -
1441 4578 1489 4646 54
1505 4572 1542 4646 d.
1595 4573 1725 4674 Itaque
1765 4572 1811 4665 τῷ
1850 4569 2014 4668 Σικυωνίῳ

436 4707 585 4789 poetam
612 4690 796 4788 scripsisse
824 4692 1002 4791 suspicor,
1032 4709 1073 4765 ut
1091 4691 1272 4796 Sicyoniis
1292 4694 1436 4789 calceis,
1467 4699 1531 4797 qui
1551 4710 1803 4799 sumptuosam
1823 4697 2017 4772 mulierem
2106 4748 2109 4756 ι
