4492 5686
1106 233 1154 304 ⁴15

1010 346 1243 373 mmm

338 515 475 566 nomen
502 515 616 591 quum
641 490 792 591 proprie
820 484 866 561 de
891 487 1070 590 capillitio
1098 492 1196 563 canis
1223 487 1438 591 obtegendis
1466 487 1645 566 destinato
1673 488 1811 566 dictum
1838 517 1915 566 esse

337 616 515 709 videatur,
543 632 672 720 postea
699 613 746 689 de
773 618 904 717 quovis
931 614 1108 718 capillitio
1135 621 1303 719 usurpari
1327 620 1463 720 potuit.

476 743 567 818 XIV
584 746 709 846 p.622
725 767 758 816 e.
794 731 987 822 ἐβουλεύετο
1017 737 1054 815 τό
1079 737 1147 850 χρὴ
1182 733 1382 826 warsiniae
1413 738 1595 852 παρελθὼν
1630 747 1645 816 ὃ
1677 736 1797 841 Σόφων
1830 739 1920 837 αὐτῷ

336 862 489 979 μάγειρος
513 861 730 976 γεγωνότερον
755 862 963 966 ἐφθέγγετο,
995 871 1037 945 ὠς
1063 862 1191 947 πάντας
1216 861 1351 952 ἀκούειν,
1379 866 1423 944 τύ
1448 873 1487 972 ἐξ
1510 864 1618 959 Αύγης
1643 864 1704 957 έπη
1730 860 1915 951 Εὐβούλου.

335 997 410 1073 Pro
437 989 511 1090 ἔπη,
547 995 649 1099 quod
683 994 730 1070 de
756 998 919 1070 iambicis
944 997 1108 1072 versibus
1135 1022 1212 1070 non
1237 995 1360 1071 dicere
1386 997 1487 1073 volet
1512 996 1737 1091 Athenaeus,
1771 996 1855 1072 cod.
1884 999 1915 1072 B

335 1123 449 1200 habet
467 1118 559 1197 εἶπεν.
583 1121 687 1197 Idem
706 1150 788 1197 oum
806 1122 959 1225 reliquis
976 1123 1080 1197 libris
1098 1140 1184 1226 post
1200 1114 1413 1232 γεγωνότερον
1431 1122 1532 1199 addit
1550 1118 1594 1214 δέ,
1612 1123 1713 1227 quod
1733 1123 1915 1228 Schweig-

336 1251 513 1327 haeusero
540 1267 740 1353 praeeunte
767 1248 903 1327 delevit
927 1247 1157 1324 Diudorfius.
1213 1249 1457 1325 Scribendum
1480 1254 1621 1353 potius:
1651 1242 1709 1328 ἕως
1734 1246 1916 1360 παρελθὼν

335 1382 350 1451 ὃ
381 1372 501 1476 Σόφων
536 1379 623 1471 αὐτῷ
656 1369 810 1486 μύγειρος
843 1368 1074 1487 (γεγωνότερον
1107 1372 1139 1449 δ’
1171 1370 1365 1475 ἐφθέγγετο
1399 1379 1442 1454 ὥς
1474 1366 1601 1456 πύντας
1631 1370 1771 1480 ἀκούειν)
1802 1374 1846 1453 τύ
1878 1379 1916 1478 ἐξ

335 1499 442 1596 Αὔγης
467 1499 552 1577 εἶπεν
577 1493 761 1583 Εὐβούλου.

473 1630 565 1707 XIV
581 1635 705 1735 p.629
722 1657 755 1705 e.
792 1625 885 1740 παρὰ
915 1624 949 1702 dl
973 1624 1187 1739 Συρακοσίοις
1221 1625 1276 1702 καὶ
1304 1626 1467 1723 χιτωνέας
1487 1624 1672 1739 Ἀρτέμιδος
1702 1625 1839 1740 όρχησός
1868 1661 1915 1710 τις

334 1763 421 1833 ἐστιν
447 1753 522 1836 ἴδιος
548 1755 603 1832 καὶ
627 1751 773 1845 αὔλησις.
825 1757 926 1832 Haec
951 1758 1064 1834 verba
1091 1755 1453 1858 Schweighaeuserus
1483 1762 1534 1833 ita
1558 1758 1752 1852 intellexit,
1787 1776 1829 1833 ut
1853 1788 1912 1851 χι-

334 1880 454 1962 τωνέας
483 1891 604 1989 ipsum
635 1887 834 1959 saltationis
865 1910 1002 1959 nomen
1033 1884 1144 1958 fuisse
1177 1881 1290 1986 idque
1323 1885 1525 1961 masculino
1552 1911 1684 1986 genere
1711 1889 1725 1958 i
1751 1879 1913 1979 χιτωνέας

334 2011 564 2088 efferendum
591 2014 822 2087 existimaret.
860 2010 948 2085 Non
974 2009 1086 2085 credo
1114 2010 1187 2085 hoc
1212 2009 1293 2086 fieri
1317 2037 1441 2114 posse,
1470 2009 1534 2087 sed
1562 2011 1818 2114 corrigendum
1843 2037 1913 2115 po·

333 2144 405 2213 tius
437 2140 596 2212 arbitror
626 2134 780 2229 γμτωνέα.
832 2138 891 2212 De
923 2138 1042 2211 Diana
1075 2136 1258 2214 Chitouea
1292 2135 1383 2213 dixit
1415 2138 1623 2240 Stephanus
1653 2139 1740 2240 Byr.
1769 2139 1909 2240 ptos

332 2256 470 2349 Χιτύνηι
498 2256 597 2340 οὕτως
622 2255 808 2371 η”Αρτεμις
832 2257 983 2353 λέγεται·
1010 2261 1065 2337 καὶ
1093 2259 1240 2345 Χιτωνέα,
1268 2266 1311 2340 ὥς
1335 2257 1428 2371 παρὰ
1451 2258 1608 2357 Μενίππῳ
1626 2265 1672 2365 (*)
1699 2265 1714 2336 ὃ
1741 2254 1911 2353 Βυζάντιος

334 2387 389 2464 καὶ
407 2378 619 2497 Ἐπίχαρμος
643 2392 673 2461 ἓν
700 2384 848 2487 Σφιγγί·

662 2512 725 2588 Kal
748 2510 785 2588 ri
811 2517 867 2602 τῆς
891 2506 1047 2602 Χιτωνόης
1073 2506 1254 2589 αὐλασύτω
1280 2511 1328 2593 τίς
1352 2543 1407 2607 μοι
1431 2511 1539 2608 μέλος.

331 2646 388 2719 Ita
413 2643 504 2717 haec
530 2647 568 2715 in
594 2639 679 2714 cod.
709 2640 812 2716 Vrat.
848 2645 982 2744 scripta
1007 2657 1104 2717 sunt.
1158 2641 1280 2745 Vulgo
1307 2644 1364 2731 τῆς
1387 2639 1542 2737 γρτωνόης
1567 2635 1750 2718 ariadnam.
1801 2643 1911 2719 Prae·

332 2788 433 2846 terea
447 2766 704 2871 corrigendum
717 2768 774 2853 τῆς
792 2762 946 2854 Χιτωνέης
958 2771 1033 2842 sive
1054 2771 1178 2870 potius
1191 2769 1252 2844 τᾶς
1273 2765 1444 2862 Χιτωνέας,
1468 2798 1577 2871 quam
1595 2771 1751 2844 sormam
1768 2787 1914 2872 praeter

331 2897 562 2972 Athenaeum
588 2911 713 2971 tuetur
737 2893 954 2996 Hesychius,
983 2887 1150 2967 Κιθωνέαι
1176 2889 1331 2966 ἐπίθετον
1352 2889 1545 3000 Ἀρτέμιδος.
1588 2895 1665 2970 Ubi
1690 2895 1829 2970 fallitur
1845 2896 1911 2971 Al-

332 3024 428 3097 berti
462 3020 661 3098 Cithonem
693 3021 851 3094 Dianam
884 3019 1057 3122 Hesychii
1099 3046 1223 3096 errore
1253 3046 1323 3123 pro
1363 3020 1484 3095 Itonia
1518 3038 1757 3095 memoratam
1790 3026 1910 3096 existi·

331 3175 446 3223 mans.
491 3147 611 3221 Immo
628 3163 670 3220 ut
688 3138 796 3218 κιθύν
823 3143 958 3220 dicitur
981 3173 1052 3249 pro
1077 3138 1198 3240 χιτών,
1227 3151 1277 3222 ita
1304 3151 1412 3223 etiam
1438 3141 1717 3253 KsSova'orecte
1743 3146 1816 3224 dici
1841 3174 1909 3250 po·

331 3279 403 3351 tuit
418 3300 489 3377 pro
507 3267 661 3364 Χιτωνέα,
692 3271 794 3375 quod
813 3298 951 3347 nomen
969 3271 1012 3346 ad
1031 3277 1151 3376 ipsum
1169 3273 1262 3348 illud
1279 3267 1387 3368 χιτιύν
1403 3273 1653 3352 revocandum
1679 3292 1746 3351 est.
1801 3273 1910 3348 Haud

330 3427 414 3476 raro
442 3404 539 3475 enim
566 3396 709 3491 accidit,
743 3416 784 3474 ut
811 3397 879 3473 diis
905 3403 1123 3501 cognomina
1150 3426 1170 3472 a
1196 3406 1433 3494 vestimentis,
1469 3405 1603 3503 quibus
1630 3428 1759 3477 eorum
1785 3406 1909 3504 imagi-

331 3553 395 3602 nes
426 3525 574 3600 indutae
606 3541 721 3617 erant,
756 3529 1045 3628 imponerentur.
1101 3523 1276 3599 Ceterum
1308 3525 1408 3603 hisce
1441 3528 1580 3602 formae
1606 3521 1758 3604 Χιτοόνεος
1790 3556 1910 3604 exem·

330 3654 402 3757 plis
427 3657 482 3728 uti
507 3669 654 3755 poterat
677 3649 889 3727 Loheclsius
915 3649 961 3725 ad
988 3649 1187 3754 Sophoclis
1211 3652 1314 3726 Aiac.
1343 3680 1383 3756 p.
1399 3658 1485 3729 119.

470 3777 562 3853 XIV
577 3805 616 3880 p.
630 3781 703 3850 636
719 3805 753 3852 a.
807 3772 960 3867 Διογένης
995 3780 1010 3850 ὃ
1041 3771 1197 3886 τραγικός
1227 3773 1385 3888 διαφέρειν
1418 3776 1558 3867 πηκτίδα
1592 3773 1772 3872 μαγύύιδος
1803 3778 1910 3868 λέγων

332 3898 431 3983 οὕτως
457 3908 487 3977 ἐν
514 3906 552 4001 τῇ
578 3900 724 4000 Σεμέλη·

371 4192 420 4272 (a)
452 4191 605 4272 Menippus
632 4190 709 4250 illam
731 4188 893 4253 Chitoueae
914 4191 1026 4253 Dianae
1053 4191 1234 4253 saltationem
1260 4193 1291 4252 in
1312 4193 1468 4276 Symposio
1495 4215 1724 4257 commemorare
1746 4197 1851 4276 potuit,
1879 4197 1909 4254 in

330 4316 388 4375 quo
410 4293 460 4353 ille
483 4276 519 4352 de
541 4291 603 4351 aliis
624 4311 739 4370 quoque
761 4290 943 4352 saltationum
968 4291 1124 4376 generibus
1151 4306 1260 4376 egerat.
1302 4292 1465 4357 Athenaeus
1487 4295 1507 4356 Ι.
1523 4296 1541 4356 l.
1563 4299 1690 4355 καλεῖται
1713 4285 1812 4354 δὲκαὶ
1834 4285 1908 4367 ἄλλη

330 4385 451 4479 όρχηοις
477 4384 609 4461 κόσμου
638 4381 852 4473 ἐκπύρωσις,
879 4381 912 4464 οἷς
938 4385 1099 4464 μνημονεύει
1125 4386 1268 4457 Μένιππος
1295 4391 1441 4459 inarmis
1466 4396 1494 4455 έν
1519 4399 1561 4473 τῷ
1580 4389 1744 4472 Συμποσίῳ.
1787 4395 1908 4475 Exque

331 4493 446 4575 corrige
462 4491 648 4573 Hesychium‚
669 4491 744 4573 apud
767 4513 853 4572 quem
874 4493 966 4554 miuus
988 4506 1068 4555 reete
1090 4494 1198 4578 legitur
1217 4487 1324 4565 κόσμου
1346 4487 1511 4581 ἐμπύρωοις.
1553 4494 1613 4555 Sed
1630 4494 1660 4553 iu
1675 4495 1814 4577 Stephani
1829 4495 1909 4570 loco,

330 4592 379 4671 qui
406 4603 504 4671 aperte
532 4591 684 4674 corruptus
711 4605 765 4671 est,
792 4593 912 4676 egregie
939 4593 1035 4676 placet
1061 4594 1140 4675 quod
1161 4594 1313 4657 Salmasius
1342 4595 1497 4679 legendum
1519 4594 1647 4658 coniecit
1668 4595 1705 4660 ὠς
1725 4589 1872 4682 Παρμένων
1894 4594 1907 4652 ὅ

329 4681 493 4766 Βυζάντιος,
514 4690 550 4751 de
572 4712 630 4770 quo
651 4705 739 4774 poeta
760 4693 817 4754 dixi
840 4691 926 4756 Curis
948 4695 1012 4757 crit.
1034 4717 1063 4776 p.
1071 4694 1121 4755 23.
