4492 5686
1105 265 1149 335 14

1007 378 1242 404 ΜΜΛΜΜΜΜ

330 523 504 623 Denique
531 518 652 594 eidem
678 519 830 592 carmini
857 515 1097 593 adscribenda
1133 545 1210 593 esse
1235 517 1407 594 videntur
1432 519 1523 595 haec
1548 521 1718 598 lib.XIV
1735 528 1861 626 psas
1881 551 1913 600 e.

331 665 489 725 servata:

626 735 688 823 dur
710 737 827 845 ἕφαθξ
856 750 884 817 οἱ
908 739 1155 833 δ’ἓγὲλασσαν,
1183 739 1348 833 ἐπήνεικάν
1376 751 1402 820 τ’
1430 746 1482 823 ἐπὶ
1507 742 1610 844 τούτῳ

638 868 792 950 σιτευτὰς
817 865 950 981 ἀρνιθας
975 874 1022 944 ἐπ’
1050 867 1235 981 ἀργυρέοισι
1261 869 1398 975 πίναξιν,

639 993 784 1108 ἄτριχας
810 997 938 1082 οἰετὲας,
964 990 1119 1087 λαγάνοις
1145 994 1233 1073 κατά
1262 1001 1358 1074 νῶτον
1384 997 1484 1078 ἐίσας.

333 1158 439 1251 Quae
472 1159 503 1228 si
536 1169 636 1228 recte
669 1150 714 1226 ad
744 1151 967 1227 Convirium
1000 1152 1139 1245 rettuli,
1179 1153 1287 1227 simul
1323 1152 1538 1255 intelligitur
1570 1172 1719 1258 poetam
1745 1161 1916 1235 convivas

333 1288 442 1358 etiam
469 1285 566 1355 inter
590 1305 629 1354 se
656 1279 913 1380 colloquentes
939 1273 1139 1352 induxisse
1155 1305 1359 1382 eorumque
1391 1305 1578 1355 sermones
1608 1283 1810 1375 rettulisse3
1846 1311 1917 1387 qua

331 1416 371 1484 in
406 1434 446 1484 re
479 1407 676 1481 Philoxeni
712 1405 878 1509 Cytherii
914 1405 1123 1508 exemplum
1158 1423 1334 1508 sequutus
1369 1433 1446 1481 esse
1482 1406 1641 1497 videtur.
1696 1409 1792 1483 Hinc
1827 1411 1917 1484 mihi

333 1538 492 1639 suspicio
525 1551 609 1608 nata
644 1550 711 1624 est,
748 1558 859 1634 quem
890 1536 1001 1606 tacito
1035 1536 1192 1606 auctoris
1225 1537 1375 1608 nomine
1402 1535 1511 1609 affert
1535 1561 1680 1612 versum
1706 1536 1917 1611 Athenaeus

332 1664 422 1765 Vp.
441 1663 510 1736 187
525 1688 558 1735 a.
588 1653 678 1768 παρά
704 1653 737 1731 dd
762 1663 828 1734 τοῖς
854 1660 887 1731 οὐ
914 1652 957 1731 sd
984 1650 1139 1767 σώφρονα
1166 1651 1340 1750 συμπάσια
1365 1654 1559 1750 συνάγουσι,

636 1790 702 1862 τοῖς
726 1780 788 1857 d'i
816 1778 925 1886 κάλαξ
950 1778 1153 1893 πάμπρωτος
1175 1785 1317 1885 ὑφαίνειν
1343 1780 1464 1895 ήρχετο
1491 1790 1611 1878 μῶκον,

330 1915 458 1992 itidem
475 1917 655 1990 Matronis
683 1938 773 2004 esse,
805 1937 913 2013 quem
939 1911 1263 2015 Chaercphontem
1289 1919 1489 2017 parasitum
1516 1914 1700 1991 induxisse
1727 1943 1837 2018 supra
1862 1920 1915 1991 vi·

334 2044 465 2119 dimus.
521 2044 644 2116 Minus
670 2039 760 2112 mihi
788 2037 834 2111 de
861 2040 933 2112 alio
960 2039 1046 2113 loco
1074 2056 1217 2114 constat
1242 2040 1374 2114 lib.IV
1391 2069 1431 2143 p.
1448 2051 1515 2114 183
1532 2069 1565 2116 a.

535 2165 603 2242 εὗδ’
629 2161 693 2241 ὑπὸ
720 2166 808 2267 (leg.
836 2159 916 2262 eiad)
945 2159 1164 2263 πασσαλάφιν
1192 2165 1373 2273 κρέμασαν,
1400 2159 1458 2239 d&
1483 2197 1543 2276 περ
1567 2161 1746 2241 τετάνυστο

537 2286 725 2382 σκινδαψάς
749 2284 968 2398 τετράχορδος
993 2285 1207 2377 ἀνηλακάτοιο
1233 2285 1396 2381 γυναικάς.

332 2426 399 2498 His
426 2425 630 2526 praemissis
662 2417 708 2491 de
741 2418 1032 2519 corruptioribus
1065 2419 1213 2518 eclogae
1239 2437 1387 2495 nostrae
1413 2420 1505 2495 locis
1531 2424 1691 2499 breviter
1718 2447 1913 2524 exponam,

331 2548 502 2655 parodias
535 2546 748 2619 Homericas
779 2568 857 2616 non
889 2541 1113 2617 indicaturus
1143 2547 1214 2618 nisi
1245 2569 1304 2618 eas
1337 2571 1432 2646 quae
1465 2549 1683 2648 interpretes
1715 2550 1912 2624 latuerunt.

333 2679 458 2777 Atque
476 2676 581 2746 initio
600 2673 767 2745 carminis
785 2685 871 2772 post
888 2672 1035 2766 tertium
1062 2686 1278 2772 sextumque
1297 2698 1441 2746 versum
1473 2673 1719 2774 complurium
1745 2700 1916 2747 versuum

331 2803 502 2877 lacunam
534 2797 766 2874 indicandam
799 2822 877 2871 esse
909 2823 953 2871 cx
984 2800 1201 2871 narrationis
1233 2813 1363 2871 tenore
1397 2813 1433 2872 et
1463 2824 1658 2901 progressu
1684 2799 1913 2900 intelligitur.

333 2929 473 3003 Vssr.
504 2952 547 3000 ex
575 2930 716 3028 optimo
745 2923 829 3000 cod.
859 2926 903 2998 B.
936 2927 999 3026 qui
1027 2924 1104 2997 fere
1132 2951 1215 2998 cum
1240 2923 1385 2999 Veneto
1413 2929 1608 3015 consentit,
1638 2924 1871 2999 scribendum
1897 2913 1915 3012 ή

332 3048 409 3146 μάνη
435 3048 546 3146 ι’)ηθάς
573 3044 656 3127 οὖσα
682 3047 719 3125 sd
745 3045 860 3125 λευκάν
888 3048 943 3125 καί
970 3049 1072 3142 μέλαν
1101 3045 1188 3134 οἶδεν,
1214 3077 1285 3155 pro
1312 3046 1422 3144 ι’χθάς
1447 3053 1555 3125 ἐοῦσα.
1598 3052 1723 3126 Vsdo
1739 3079 1823 3153 sqq.
1853 3078 1914 3125 an·

334 3182 444 3282 guilla
471 3194 780 3254 commemoratur
806 3182 960 3278 ingentis
987 3178 1264 3278 magnitudinis:

691 3298 927 3396 παμμεγέθης,
953 3291 987 3390 ήν
1013 3295 1050 3374 οὔ
1075 3331 1112 3375 κε
1137 3296 1187 3375 dd'
1215 3299 1319 3410 ἀνέρες
1344 3304 1542 3413 ἀθλητῆρες,

781 3424 858 3457 ’las

693 3426 747 3503 οἶοι
773 3461 812 3540 αρ
861 3424 1040 3532 Αστυάναξ
1065 3458 1102 3502 τε
1128 3425 1184 3502 καὶ
1203 3422 1360 3535 Ἀντήνωρ
1386 3425 1541 3519 ἐγίνοντο,

697 3560 705 3581 ε,

690 3553 811 3665 pardius
837 3561 890 3631 ἐπ’
917 3551 1050 3660 ἀμαξαν
1077 3558 1139 3630 ἀπ’
1166 3549 1273 3634 rddere
1297 3555 1502 3650 ὀχλίσσειαν.

333 3685 391 3762 Ad
413 3709 506 3789 quae
534 3683 601 3758 csr.
623 3685 737 3757 Hom.
758 3685 804 3757 Il.
826 3712 863 3773 μ.
884 3690 970 3761 tls.
1025 3685 1284 3787 Astyanactem
1312 3702 1349 3760 et
1373 3687 1602 3759 Antenorem
1628 3676 1705 3759 non
1732 3682 1915 3760 dubitasse

333 3814 504 3888 videntur
528 3816 598 3889 viri
630 3811 731 3887 docti
764 3815 854 3913 quin
888 3808 1116 3913 intelligendi
1142 3814 1214 3885 sint
1239 3811 1440 3885 Homerici.
1495 3813 1546 3885 At
1571 3837 1693 3914 neque
1718 3812 1912 3913 Astyanax,

336 3943 400 4042 qui
426 3965 519 4040 puer
546 3942 731 4031 occubuit,
761 3965 830 4014 nec
855 3941 1035 4029 Antenor,
1068 3964 1178 4040 quem
1205 3963 1224 4011 a
1250 3941 1427 4041 sapientia
1453 3939 1637 4013 Homerus
1664 3940 1709 4013 ab
1737 3938 1915 4039 eloquen-

335 4069 383 4139 tia
405 4064 601 4166 Euripides
627 4065 827 4166 praedicat,
857 4070 936 4139 iure
964 4068 1044 4166 quis
1071 4069 1109 4138 in
1136 4066 1373 4139 robustorum
1401 4069 1563 4140 virorum
1594 4090 1749 4137 numero
1781 4090 1915 4168 posue-

335 4195 395 4265 rit.
450 4189 583 4291 Neque
626 4190 714 4264 feeit
754 4189 791 4263 id
826 4192 962 4282 Metro,
1005 4194 1068 4293 qui
1107 4195 1362 4294 Astyanactem
1402 4191 1583 4265 intellexit
1620 4192 1819 4285 Milesium,
1870 4190 1916 4265 de

336 4344 411 4420 quo
455 4315 573 4391 schol.
621 4316 812 4390 Theocriti
838 4317 904 4408 IV,
922 4324 984 4390 34.
1032 4318 1139 4390 ταῧτα
1184 4320 1242 4390 οὐκ
1284 4319 1339 4389 ἐπ’
1385 4313 1504 4406 Αίγωνι
1542 4310 1717 4426 ἱστάρηται,
1760 4320 1833 4389 ἀλλ’
1865 4314 1917 4388 ἐπὶ

330 4436 555 4517 Ἀστυάνακτι
580 4445 625 4537 τῷ
651 4437 816 4536 Μιλησίῳ·
849 4446 863 4515 ὁ
896 4438 929 4516 dd
955 4435 1126 4552 Θεάκριτος
1159 4437 1203 4516 τά
1235 4441 1388 4552 περὶτοῦ
1413 4441 1570 4532 Μιλησίου
1597 4445 1696 4518 αὐτοῦ
1721 4445 1823 4543 (sort.
1852 4434 1915 4515 τά·

336 4572 431 4668 κτου)
462 4561 707 4646 Ἀστυάνακτος
740 4562 951 4678 ἱστορούμενα
978 4576 1018 4648 εἰς
1041 4565 1172 4658 Αίγιινα
1197 4563 1401 4660 μετήνεγκεν.
1437 4568 1523 4668 φασί
1547 4566 1612 4679 γάρ
1639 4573 1750 4644 τοῦτον
1769 4561 1918 4661 Ἴσθμια

336 4690 513 4785 νικήσαντα
548 4692 604 4768 καὶ
637 4692 715 4768 οίκοι
746 4688 1003 4803 παραγενίμενον
1037 4700 1075 4770 ἐκ
1105 4697 1160 4780 τῆς
1191 4690 1271 4773 ἰδίας
1301 4691 1421 4784 ἀγέλης
1458 4699 1515 4770 τοῦ
1545 4694 1705 4788 μεγίστου
1736 4687 1918 4777 λαβέσθαι

334 4816 415 4902 Βοὲς
443 4818 497 4898 καί
522 4819 566 4915 μή
593 4826 709 4897 ἀνεῖναι
736 4815 794 4901 ἕως
819 4825 834 4895 ὁ
862 4824 978 4932 ταῦρος
1003 4821 1184 4932 ἐλευθερῶν
1206 4817 1249 4897 ’τό
1276 4824 1377 4915 σῶμα
1402 4852 1439 4921 τη
1464 4813 1530 4918 βίᾳ
1552 4818 1709 4899 κατέλιπε
1734 4819 1792 4911 τήν
1817 4819 1917 4911 ὁπλήν
