4492 5686
1000 207 1024 279 9

892 321 1126 348 mmm

221 466 295 538 sive
326 468 449 566 potius
484 463 637 539 eandem
670 462 831 537 fabulam
863 489 1084 538 memorasse
1122 463 1258 538 diserto
1292 480 1435 538 constat
1460 464 1606 538 Tatiani
1637 469 1800 539 testimo·

220 594 283 665 nio
311 587 416 665 Orat.
451 619 484 665 c.
521 589 653 666 Graec.
687 589 806 682 XLV,
827 616 866 692 p.
881 596 942 663 98.
976 592 1046 667 πῶς
1073 591 1130 664 οὐκ
1157 586 1286 677 ἠλίθιον
1313 586 1506 664 πείθεσθαι
1532 596 1597 667 τοῖς
1624 593 1700 698 Ἡρο
1739 582 1801 699 ’ρον

218 706 384 799 [duillios
399 713 470 826 aspi
499 719 556 790 τοῦ
589 715 678 791 καθ’
701 710 868 824 Ἡρακλέα
897 708 1015 806 alyn,
1043 718 1105 805 γῆν
1135 709 1199 791 ἅνω
1228 710 1438 826 κηρύττουσιν
1470 713 1732 804 κατεληλυθέναι
1764 747 1800 790 τε

218 845 273 916 ἀπ’
302 845 400 930 αὐτῆς
425 837 541 916 λεόντα
566 838 620 916 τὸν
646 845 692 937 ὑφ
715 836 912 951 Ἡρακλέους
939 838 1152 940 φονευθέντα.
1203 844 1262 919 De
1286 844 1473 919 Herodori
1499 846 1565 918 illo
1591 845 1689 919 libro
1716 861 1802 947 post

218 971 405 1073 Heynium
431 970 476 1045 ad
499 967 774 1072 Apollodorum
801 967 995 1071 diligenter
1021 975 1191 1072 exposuit
1208 970 1440 1048 Weichertus
1468 971 1514 1046 de
1540 972 1624 1046 Vita
1652 988 1689 1045 et
1714 975 1802 1044 scri-

217 1102 290 1199 ptis
316 1097 497 1200 Apollon.
526 1094 652 1170 Rhod.
681 1124 720 1197 p.
744 1098 811 1170 157
831 1123 916 1198 sqq.
953 1112 990 1170 et
1020 1094 1200 1172 Miillerus
1231 1098 1326 1172 Dor.
1356 1098 1407 1189 II,
1436 1102 1563 1199 plot
1582 1125 1665 1201 sqq.
1720 1097 1798 1171 No·

218 1250 304 1299 men
330 1223 437 1296 huius
463 1227 651 1325 scriptoris
677 1227 812 1325 passim
843 1227 882 1296 in
905 1215 1074 1331 ‘Hpo'doros
1100 1240 1316 1325 corruptum
1343 1250 1420 1297 esse
1448 1242 1603 1316 constat,
1632 1225 1735 1299 velut
1761 1228 1799 1298 in

217 1354 299 1453 ipso
333 1349 400 1423 illo
427 1349 573 1422 Tatiani
603 1349 704 1441 loco,
739 1352 798 1422 cui
823 1348 1011 1423 Herodori
1041 1374 1178 1423 nomen
1210 1352 1349 1451 primus
1380 1347 1540 1423 reddidit
1567 1349 1616 1423 G.
1646 1350 1796 1426 Worth.

215 1473 324 1549 Adde
358 1472 457 1549 aliud
491 1476 700 1578 exemplum
732 1500 776 1548 ex
802 1475 1007 1577 Apollonio
1027 1476 1126 1551 Lex.
1157 1476 1269 1549 Hom.
1298 1477 1414 1578 p.72,
1438 1483 1498 1549 22.
1534 1465 1712 1583 ἐπιβώτορι
1737 1469 1798 1565 μα’-

216 1613 281 1673 λυιν
309 1593 377 1686 ἤτοι
402 1592 596 1709 Βοσκῆτορι,
624 1597 683 1673 οἷον
706 1603 948 1710 ἓφιντπαστῆρι·
974 1607 1003 1674 οἱ
1026 1603 1089 1675 τῶν
1115 1590 1286 1680 βασιλέοιν
1314 1598 1371 1674 viai
1397 1603 1521 1710 πρῶτον
1541 1600 1593 1673 ἐπὶ
1614 1577 1708 1709 κριῶν
1729 1595 1798 1674 siui-

216 1727 323 1800 θασιν
357 1718 545 1810 ἐπιβαίνειν,
580 1731 621 1804 ὥς
654 1725 709 1801 καὶ
729 1719 898 1835 ‘Hpo'doro'e
928 1749 1034 1827 φησιν.
1085 1729 1130 1802 In
1157 1727 1213 1801 his
1240 1727 1481 1802 Blomlieldus
1509 1727 1552 1801 ad
1582 1728 1799 1803 Callimachi

216 1856 265 1928 H.
302 1857 340 1927 in
375 1855 463 1931 Jov.
476 1864 537 1928 80.
574 1881 644 1958 pro
674 1846 843 1963 Ἡρόδοτος
876 1859 1020 1958 scripsit
1048 1845 1246 1963 Ἡρωδιανές.
1297 1855 1348 1928 At
1382 1853 1636 1957 corrigendum
1675 1861 1799 1956 potius

213 1972 405 2088 Ἡροδώρος,
444 1985 507 2083 qui
541 1981 647 2055 illum
673 1985 858 2081 regiorum
891 2007 1092 2084 puerorum
1125 2007 1268 2056 morem
1302 1985 1468 2083 attigerat
1500 1985 1578 2055 sine
1613 1979 1729 2054 dubio
1760 1987 1799 2056 in

216 2108 483 2208 Argonauticis,
518 2110 583 2183 ubi
616 2106 661 2181 de
687 2106 825 2181 Phrixo
859 2125 896 2182 et
927 2112 1039 2183 ariete
1066 2110 1287 2211 exponebat.
1342 2107 1493 2182 Praeter
1520 2108 1734 2181 Heracleam
1763 2126 1800 2182 et

215 2234 462 2334 Argonautica
489 2237 633 2338 scripsit
657 2232 875 2309 Herodorus
901 2229 1080 2307 Πελοπείαν
1105 2233 1287 2306 laudatam
1314 2259 1333 2303 a
1362 2230 1490 2305 Schol.
1516 2228 1667 2304 Pindari
1685 2231 1794 2337 Pyth.

150 2424 153 2437 .
216 2358 283 2447 XI,
294 2367 351 2432 25.
371 2354 425 2432 riv
457 2355 490 2433 di
515 2355 674 2466 Ὀρέστην
706 2353 916 2429 ἐκκλαπέντα
946 2352 1021 2428 εἶναι
1054 2357 1147 2463 τριῶν
1180 2356 1259 2429 ἐτῶν
1295 2359 1336 2432 ὡς
1365 2349 1542 2465 Ἦρέδνιρος
1568 2360 1599 2428 ἓν
1624 2354 1799 2453 Πελοπεῖᾳ,

216 2512 327 2587 quam
353 2511 430 2559 non
457 2501 555 2558 recte
579 2483 813 2558 Weichertus
840 2484 963 2583 operis
989 2479 1036 2555 de
1061 2482 1222 2556 Hercule
1248 2499 1390 2584 partem
1416 2484 1527 2557 fuisse
1554 2489 1691 2559 statuit.
1738 2484 1797 2559 Ad
1829 2563 1849 2589 .

215 2609 315 2683 hunc
330 2610 465 2682 librum
486 2608 605 2683 resero
623 2607 696 2681 hoc
715 2605 812 2710 apud
830 2607 1062 2681 Athenaeum
1075 2605 1141 2700 VI,
1162 2634 1200 2710 p.
1216 2616 1283 2680 231
1304 2636 1336 2683 c.
1366 2604 1424 2695 τήν
1445 2609 1584 2718 Ἀτρέας
1610 2606 1642 2682 δὲ
1667 2613 1797 2719 χρυσῆν

214 2726 306 2842 ἄρνα,
339 2730 410 2842 περὶ
441 2722 478 2822 ἣν
507 2726 682 2824 γεγὸνασιν
714 2728 803 2820 ἡλίου
834 2763 871 2807 τε
903 2729 1068 2823 ἐκλείψεις
1101 2730 1157 2806 καὶ
1187 2724 1360 2815 βασιλέοιν
1387 2726 1577 2825 μεταβολαὶ
1609 2728 1656 2809 ἔτι
1680 2766 1717 2810 τε
1743 2740 1798 2825 τῆς

214 2856 399 2968 τραγῳδίας
421 2865 440 2949 ἡ
467 2853 587 2948 πολλή,
614 2852 732 2960 φιάλην
757 2861 900 2969 ἀργυρᾶν
928 2879 1010 2958 φησι
1034 2851 1201 2949 γεγονέναι
1217 2852 1394 2967 Ἧρὸὸλυρος
1414 2863 1429 2932 ὃ
1447 2854 1676 2968 Ἡρακλεώτης
1696 2856 1797 2958 ἔχου·

127 3048 133 3062 .
216 3013 279 3061 σαν
311 2992 342 3060 ἓν
371 2982 464 3082 μέσῳ
495 2980 575 3096 ἄρνα
605 2989 747 3096 χρυσῆν.
801 2986 887 3081 Quo
915 2987 1085 3087 exemplo
1113 3011 1223 3087 quam
1249 2989 1430 3060 rationem
1456 2992 1495 3060 in
1521 2988 1655 3061 sabulis
1682 2992 1797 3092 expli·

215 3112 340 3189 randis
366 3112 583 3188 Herodorus
609 3129 785 3215 sequutus
810 3117 856 3186 sit
881 3112 1068 3197 luculente
1095 3110 1323 3212 intelligitur.

353 3240 404 3332 Π,
425 3267 464 3343 p.
478 3243 524 3312 70
539 3241 567 3314 f.
608 3239 849 3342 Epicharmus
875 3265 952 3313 non
978 3236 1135 3313 indicata
1161 3238 1302 3314 fabula:
1332 3231 1477 3349 μα’ραθα
1495 3238 1635 3348 τραχέες
1652 3271 1687 3314 τε
1710 3235 1795 3317 κᾶκ-

215 3395 274 3447 τοι,
306 3363 355 3439 τοὶ
380 3361 440 3440 σὺν
465 3359 578 3444 ἄλλοις
602 3360 658 3457 μὲν
685 3371 803 3464 φαγεῖν
829 3364 892 3440 ἐντὶ
916 3358 1078 3458 λαχάνοις
1103 3369 1144 3440 εἷς
1170 3395 1290 3439 τοτιον.
1318 3365 1397 3439 αἴκα
1417 3396 1465 3444 τις
1491 3364 1661 3475 ἕντρίψαις
1687 3372 1797 3447 καλῶς

215 3491 451 3600 παρατιθῇσιν,
486 3484 564 3571 ἁδύς
589 3495 668 3575 ἐστ’,
701 3486 799 3569 αὐτὸς
832 3486 865 3564 d'
898 3495 948 3590 ἐφ’
990 3479 1106 3565 αὑτοῦι
1126 3485 1283 3600 χαιρέτω.
1335 3492 1524 3596 Adscripsi
1559 3494 1649 3570 haec
1683 3516 1796 3600 prout

215 3617 406 3693 emendata
439 3636 524 3694 sunt
558 3647 578 3693 a
610 3617 824 3709 Dindorlio,
865 3623 931 3720 qui
964 3634 1062 3692 recte
1097 3645 1138 3692 ea
1173 3645 1217 3693 ex
1252 3617 1396 3694 duobus
1430 3621 1607 3723 exemplis
1641 3623 1796 3698 conflata

215 3769 292 3817 esse
319 3749 455 3819 statuit.
510 3743 585 3818 Pro
618 3750 660 3822 sir
683 3774 804 3837 τοτιον,
843 3742 944 3846 quod
971 3749 1146 3820 intactum
1172 3746 1324 3848 reliquit
1348 3746 1578 3837 Dindorfius,
1613 3752 1795 3849 scripsisse

213 3867 359 3944 videtur
384 3871 626 3972 Epicharmus
660 3877 702 3948 εἰς
733 3865 770 3944 τὸ
804 3865 886 3963 πιέν,
923 3887 964 3945 ut
997 3887 1118 3945 cactus
1152 3870 1198 3945 ad
1231 3889 1362 3972 potum
1395 3872 1495 3945 utilis
1528 3898 1606 3946 esse
1639 3872 1792 3948 dicatur.

216 3995 291 4090 Qui
316 4002 483 4101 proxime
510 4003 675 4101 sequitur
700 3995 798 4099 apud
824 3996 1054 4071 Athenaeum
1081 3995 1242 4071 eiusdem
1269 4014 1402 4100 poetae
1427 4023 1565 4090 versus,

512 4128 527 4197 ὅ
554 4119 588 4197 di
612 4153 660 4201 τις
685 4115 831 4232 ἀγρόθεν
858 4114 941 4196 ἔοικε
964 4115 1111 4231 μάραθα
1136 4119 1192 4197 καὶ
1218 4115 1360 4200 κάκτους
1386 4118 1500 4232 φέρειν,

215 4276 299 4325 eum
333 4277 377 4326 ex
408 4251 531 4325 fabula
562 4252 613 4324 Γᾶ
644 4248 699 4324 καὶ
731 4239 903 4325 Θάλασσα
934 4254 1105 4353 inscripta
1136 4254 1292 4353 petitum
1331 4277 1409 4326 esse
1445 4255 1602 4325 coniicio
1643 4277 1687 4325 ex
1723 4252 1793 4326 fra·

214 4567 297 4643 βίων,
331 4576 366 4637 ab
393 4577 562 4655 editoribus,
590 4590 622 4639 ut
650 4579 774 4655 videtur,
801 4600 860 4641 nou
888 4578 1109 4641 animadversus.
1151 4581 1196 4640 Eo
1223 4580 1328 4641 iterum
1355 4579 1447 4640 utitur
1474 4576 1645 4640 Plutarchus
1672 4578 1707 4639 de
1734 4578 1795 4638 Cu·

214 4674 283 4735 rios-
304 4696 332 4754 p.
344 4674 404 4739 517
417 4677 438 4736 l.
466 4678 597 4738 ἐνταῦθα
620 4677 677 4764 γὰρ
699 4673 781 4739 ἔνεισι
801 4673 954 4752 πεσνξιιατα
976 4676 1083 4765 ἀνδρῶν
1103 4672 1151 4738 καὶ
1172 4672 1378 4751 ἀντολακτισμοί
1404 4673 1488 4749 diuo,
1513 4671 1623 4764 φθοραὶ
1645 4682 1796 4757 γυναικοῖν,

214 4766 359 4838 inhians
380 4777 498 4836 οἰκετῶν.

1481 4885 1512 4958 Β
