4492 5686
1095 229 1142 300 36

1006 341 1240 369 mmm

330 503 428 561 totus
454 489 493 559 in
519 481 808 558 commendanda
835 480 1096 558 sacrificiorum
1114 486 1352 557 sanctimonia
1369 485 1593 576 versabatur,
1623 513 1642 559 a
1662 482 1770 560 docta
1787 511 1910 561 rerum

329 639 511 686 sacrarum
530 611 774 713 explicatione
792 613 1075 687 remotissimum
1093 612 1202 685 luisse
1225 637 1339 711 quum
1365 635 1433 712 per
1459 636 1497 684 se
1523 613 1717 713 probabile
1744 617 1802 704 sit,
1831 630 1912 688 tum

331 765 374 814 ex
410 744 454 813 iis
493 738 709 840 intelligitur
749 764 843 841 quae
878 764 921 812 ex
958 763 1002 811 eo
1037 736 1158 810 attulit
1191 739 1372 810 Eusebius
1405 736 1539 839 Praep.
1568 739 1807 830 Ev.1v‚1s.
1861 740 1913 814 At

330 869 526 940 rectissime
553 864 798 967 Apollonium
831 891 851 937 a
884 863 1078 938 scholiasta
1111 863 1297 964 perhiberi
1324 862 1597 938 Acharnensem
1632 863 1742 939 docet
1766 866 1912 968 Harpo-

332 995 446 1065 cratio
477 1020 513 1063 ν.
551 985 689 1069 πέλανος
719 996 858 1094 ρ.149,
877 999 939 1064 23.
975 992 1040 1063 ubi
1071 988 1240 1063 laudatur
1273 982 1490 1066 ’λπολλιάνιος
1530 993 1544 1062 ὁ
1579 987 1761 1098 Ἀχαρνεὺς
1796 995 1826 1063 ἐν
1868 1020 1913 1084 τῳ

332 1115 491 1225 περὶτῶν
519 1119 641 1225 ἑορτῶν.

473 1244 532 1317 XI
550 1245 673 1345 pata
689 1270 722 1316 a.
760 1244 820 1317 De
854 1244 992 1346 poculo
1029 1241 1131 1345 quod
1167 1235 1260 1317 nith
1297 1242 1468 1318 dicebant
1505 1242 1683 1317 disserens
1716 1249 1812 1318 inter
1845 1245 1913 1319 alia

331 1370 438 1445 affert
462 1369 662 1461 Pancratis,
691 1386 823 1470 poetae
850 1369 1075 1471 Aegyptiaci,
1104 1396 1228 1445 versus
1255 1395 1300 1443 ex
1325 1374 1446 1472 primo
1473 1369 1571 1444 libro
1600 1366 1837 1479 Κογχορηίδοε·

689 1490 796 1602 Αὐτὰρ
823 1485 879 1583 ‘dyc
905 1491 1048 1571 σπείσας
1073 1500 1110 1568 ἐκ
1137 1488 1265 1573 silbae
1289 1491 1464 1601 ἀργυφέοιο

742 1614 856 1731 νέκταρ
883 1624 935 1695 ἐπ’
963 1617 1151 1710 ἀλλοδαπὴν
1179 1618 1264 1713 οἷμον
1290 1613 1404 1703 ἔβαινε
1429 1614 1526 1696 adda.

332 1749 447 1824 Recte
465 1747 642 1849 Bergltius
659 1752 698 1821 in
715 1749 847 1821 Museo
864 1747 987 1822 Rhea.
1009 1774 1096 1824 nov.
1117 1749 1149 1841 I,
1172 1759 1204 1823 t.
1225 1754 1347 1851 pass
1368 1742 1531 1858 ἀργυρέοιο
1550 1753 1717 1853 corrigit3
1737 1776 1807 1852 pro
1826 1761 1914 1838 Κογ·

332 1871 482 1984 χορηίδος
513 1891 634 1948 autem
667 1901 743 1948 non
770 1869 976 1983 Κοοδροηίδος
1002 1874 1250 1965 scribendum,
1290 1874 1353 1950 sed
1382 1871 1609 1984 Βογχορηέδος.
1660 1878 1720 1952 De
1747 1876 1913 1952 Boccho·

333 2002 412 2078 ride
439 2028 524 2104 rege
550 2001 829 2104 Aegyptiorum,
859 2001 938 2075 filio
964 2000 1174 2076 Neocbabis
1192 2000 1330 2074 Athea.
1351 2002 1389 2074 X
1406 2009 1531 2103 pltat
1546 2029 1579 2076 e.
1609 2003 1669 2078 vel
1696 2002 1915 2077 Technactis

333 2128 519 2205 Plutarch.
540 2129 589 2202 Is.
621 2143 658 2202 et
684 2127 782 2203 Osir.
821 2155 860 2229 p.
874 2130 1000 2202 soth.
1039 2128 1153 2202 multa
1187 2126 1284 2230 apud
1319 2145 1459 2203 veteres
1491 2128 1704 2202 ferebantur
1730 2135 1781 2226 (ν.
1809 2129 1916 2205 Wes-

333 2257 398 2331 sel.
437 2254 482 2329 ad
516 2253 632 2329 Diod.
663 2253 737 2329 Sic.
759 2255 790 2347 1,
810 2260 870 2329 94.
888 2254 950 2329 cll.
1005 2254 1204 2330 Plutarcho
1236 2256 1403 2331 Demetr.
1441 2255 1505 2353 27)
1542 2280 1635 2357 quae
1667 2271 1799 2358 poetae
1829 2254 1915 2329 Ate-

334 2380 513 2455 xandrino
534 2381 776 2483 Aegyptiacae
795 2385 1019 2481 antiquitatis
1039 2386 1253 2457 memoriam
1271 2383 1450 2458 recolenti
1468 2385 1637 2457 carminis
1663 2398 1917 2484 argumentum

333 2508 511 2610 praebere
538 2521 711 2608 poterant
737 2503 834 2578 baud
861 2504 1072 2578 absurdum.

407 2655 413 2665 ·
474 2631 721 2732 XIp.‹llssc.
758 2631 818 2703 De
845 2629 970 2732 cotylo
1006 2629 1132 2730 poculi
1167 2656 1298 2730 genere
1334 2629 1513 2704 disserens
1546 2636 1643 2706 inter
1677 2635 1746 2707 alia
1777 2635 1915 2708 Eubuli

215 2842 219 2852 ¹
334 2760 446 2835 verba
479 2758 587 2831 affert
618 2760 650 2829 ἐν
670 2745 878 2840 'Odaoceis'l
902 2746 1090 2831 Πανάπταις
1117 2760 1257 2858 posita:
1290 2758 1333 2829 ‘0
1367 2751 1399 2829 δ’
1433 2751 1531 2861 ἱερεὺς
1563 2749 1711 2865 εὐῆγορος
1742 2762 1773 2831 ἓν
1807 2754 1918 2848 μέσοις

335 2888 477 2959 αὐτοῖσιν
499 2877 604 2960 {ceals
628 2876 683 2969 την
710 2877 811 2969 καλὴν
839 2875 956 2968 σκευὴν
982 2872 1071 2973 ἔχων
1099 2877 1174 2954 οἶνον
1200 2875 1372 2982 ἐξέσπενδε
1399 2875 1535 2977 κοτύλῳ.
1587 2882 1676 2958 Non
1701 2902 1801 2960 recte
1827 2885 1917 2960 haec

335 3016 484 3088 tractavi
510 3011 653 3112 Fragm.
685 3008 793 3083 Com.
814 3008 872 3081 III
888 3014 1029 3111 pato,
1083 3007 1193 3082 Nunc
1224 3035 1296 3111 pro
1328 3001 1476 3118 εὐήγορος
1507 3015 1658 3113 requiro
1683 3015 1918 3114 participium

335 3139 502 3246 εὕηγορῶν.
556 3136 636 3211 Cfr.
666 3134 914 3210 Callimachus
940 3135 1030 3209 Lav.
1059 3133 1153 3210 Pall.
1189 3143 1272 3210 138.
1302 3131 1393 3209 ἀλλά
1418 3130 1572 3229 δέχεσθε
1597 3134 1657 3210 τάν
1681 3130 1775 3221 θεάν,
1802 3130 1828 3211 ὦ
1852 3138 1916 3212 κῶ-

337 3294 398 3372 ραι,
426 3257 486 3338 πάν
511 3265 544 3335 τ’
571 3256 723 3368 εὐαγορίᾳ
751 3253 814 3334 πάν
841 3263 876 3333 τ’
903 3253 1058 3350 εὔγματα

476 3389 534 3461 XI
551 3389 675 3490 p.‹l⁷8
690 3414 723 3460 c.
753 3412 797 3460 ex
822 3385 1045 3462 Polemone:
1075 3381 1158 3476 μετά
1185 3382 1218 3460 di
1243 3388 1351 3460 ταῦτα
1375 3382 1432 3474 τὴν
1458 3383 1588 3474 τελετὴν
1610 3392 1698 3461 ποιεῖ
1716 3391 1747 3489 (ὃ
1770 3383 1916 3498 ἱεροφάν-

336 3519 407 3618 της)
442 3511 497 3588 καὶ
528 3518 660 3622 αἱρεῖται
692 3517 730 3587 ἐκ
760 3515 816 3600 τῆς
847 3505 1023 3603 θαλάμης,
1058 3511 1113 3587 καὶ
1146 3508 1228 3605 νέμει
1261 3504 1331 3588 ὅσοι
1363 3505 1427 3587 άνω
1454 3509 1491 3587 τὸ
1519 3508 1624 3623 κέρνος
1648 3508 1918 3623 περιενηνοχάτες.

336 3640 562 3747 Recipienda
589 3659 667 3716 erat
692 3641 901 3718 Casauboni
928 3638 1135 3714 emendatio
1162 3632 1231 3713 ἕτοι
1258 3631 1295 3713 dv
1324 3632 1385 3715 ὦσι
1405 3635 1443 3727 τὸΙ
1466 3635 1581 3749 κέρνος.
1619 3642 1812 3719 Praeterea
1831 3647 1918 3718 scri·

336 3771 499 3848 bendum
526 3767 670 3845 videtur
695 3764 750 3840 acl
775 3771 859 3875 αἱρεῖ
877 3760 921 3839 τά
946 3769 983 3839 ἐκ
1009 3767 1064 3852 τῆς
1089 3756 1264 3859 θαλάμης.
1497 3864 1500 3869 ι

477 3897 534 3968 XI
550 3903 674 3997 p.t83
690 3897 728 3969 b.
759 3894 896 3971 Critiae
922 3895 1034 3969 verba
1061 3892 1107 3967 de
1134 3892 1296 3967 cothone
1321 3893 1509 3971 Laconico
1542 3900 1592 3969 ita
1618 3893 1832 3998 corrigenda
1859 3923 1917 3970 su·

339 4025 477 4125 spicorJ
509 4013 631 4091 κώθων
652 4015 837 4097 λακωνικάς
857 4016 1000 4109 ἔκπωμα
1018 4012 1271 4105 ἐπιτηδεότατον
1291 4025 1333 4097 εἷς
1359 4017 1532 4130 στρατείαν
1560 4019 1614 4095 καὶ
1639 4015 1861 4130 εὐφορώτατον
1885 4025 1916 4094 ἓν
2011 4001 2015 4008 ¹

338 4149 457 4240 γυλιῷ
483 4145 540 4217 τοῦ
565 4139 597 4214 δέ
617 4135 726 4229 dream
753 4142 987 4253 στρατιωτικὸν
1009 4139 1172 4224 πολλάκις
1192 4139 1320 4236 ἀνάγκη
1341 4139 1424 4256 ὕδωρ
1451 4145 1546 4220 πίνειν
1574 4151 1609 4222 οὐ
1636 4141 1803 4256 καθαράν·
1829 4151 1918 4257 πρῶ·

339 4305 392 4349 τοι
430 4268 486 4363 μέν
528 4261 576 4344 cdv
620 4270 677 4343 τοῦ
712 4266 756 4360 μὴ
797 4267 869 4342 >dcv
911 4266 1093 4361 κατάδηλον
1129 4268 1206 4346 εἶναι
1241 4267 1278 4347 τά
1313 4276 1426 4365 πῶμα,
1463 4269 1532 4347 εἶτα
1568 4265 1730 4365 άμβωνας
1755 4277 1771 4346 ὁ
1794 4268 1918 4346 κώθων

339 4392 428 4490 ἔχων
458 4394 624 4472 ὑπολείπει
655 4391 692 4470 τά
718 4400 752 4471 οὐ
780 4391 931 4505 καθαράν
957 4402 987 4473 ἐν
1014 4402 1111 4493 αὐτῷ.
1164 4401 1377 4477 Cothonem
1404 4400 1448 4475 ad
1477 4402 1727 4505 expeditiones
1753 4426 1917 4474 commo·

341 4524 528 4599 dissimum
555 4551 633 4598 esse
651 4523 750 4598 dicit.
800 4522 938 4616 Quam
966 4529 1019 4601 ob
1047 4528 1246 4602 causam?
1272 4529 1511 4603 militarem
1539 4529 1761 4603 hominem
1786 4552 1919 4630 saepe

340 4676 522 4726 necesse
555 4667 622 4725 est
653 4677 806 4751 aquam
838 4652 994 4728 bibere
1025 4657 1253 4757 impuram.
1307 4655 1507 4729 Primum
1539 4659 1673 4758 igitur
1707 4658 1919 4755 quoniam

341 4780 531 4856 cothone
566 4779 639 4881 qui
672 4793 859 4854 utuntur
890 4805 1044 4882 aquam
1079 4786 1167 4858 suis
1193 4785 1281 4886 ipsi
1309 4781 1453 4858 oculis
1478 4810 1568 4860 non
1593 4797 1795 4861 accurate
1821 4807 1918 4858 cer·
