4492 5686
1105 248 1129 319 2

328 500 454 597 μίμαι,
507 503 552 578 Ιιι
584 501 739 578 eandem
773 506 989 578 sententiam
1026 501 1241 606 accipienda
1268 504 1382 578 verba
1415 501 1652 595 PausamIll,
1676 512 1721 577 21
1756 509 1911 579 exim'me

328 624 585 731 magnitudinis
599 631 772 702 tritonem
787 629 820 700 ἓν
839 631 906 703 τοῖς
921 621 1096 715 Ῥωμαίων
1116 617 1278 716 θαύμασι
1294 652 1334 700 se
1352 642 1534 728 spectasse
1554 633 1747 702 natantis.
1773 629 1912 704 Huius-

329 749 474 826 cemodi
500 750 683 826 miraculis
716 747 942 825 ostentandis
974 751 1013 821 in
1046 749 1126 823 aliis
1156 750 1310 824 urbibus
1343 749 1436 825 alius
1463 749 1570 824 locus
1594 755 1793 852 assignatus
1817 771 1910 845 erat,

329 873 471 949 itomae
496 901 645 979 campus
665 875 833 964 Martius,
863 871 1182 975 Athenispraeter
1200 875 1323 948 lorum
1348 872 1548 973 (Stobaeus
1572 873 1676 947 Flet.
1690 874 1856 965 LXXX,
1871 881 1914 975 6)

329 1001 494 1101 inprimis
516 998 640 1074 Seirus
659 1014 697 1073 et
718 1023 867 1099 campus
893 995 1096 1089 Thriasius,
1120 1001 1158 1069 in
1183 996 1263 1071 aliis
1282 994 1553 1100 hippodromus
1575 996 1669 1097 (Dio
1684 996 1818 1102 Chrys.
1833 998 1910 1072 XX

330 1149 370 1225 p.
383 1124 485 1222 tna),
506 1124 544 1196 in
556 1120 636 1195 aliis
656 1119 816 1222 denique
831 1118 1016 1221 peculiare
1036 1117 1223 1221 quoddam
1238 1120 1497 1196 miraculorum
1511 1120 1635 1196 iorum
1648 1138 1740 1214 erat,
1768 1116 1912 1231 τεράτων

329 1236 447 1353 esopi,
469 1242 516 1320 de
543 1269 620 1347 quo
645 1243 712 1319 cfr.
740 1240 910 1318 Lobeck.
938 1241 1123 1346 Aglaoph.
1152 1248 1313 1345 putot.

470 1367 655 1471 Ip.22b.
695 1365 892 1441 lateralia
917 1364 1152 1441 saltationum
1178 1391 1311 1468 genera
1337 1384 1588 1442 memorantur
1608 1362 1764 1476 ὀρχιὶτεις
1789 1381 1914 1444 Mmt-

331 1486 448 1574 naser‘,
475 1489 576 1595 qrmd
604 1484 798 1563 Μαντινικαί
819 1491 931 1564 scribi
949 1506 985 1564 et
1010 1516 1097 1563 usus
1122 1489 1287 1591 postulat
1311 1508 1348 1565 et
1375 1496 1483 1565 ratio.
1528 1489 1633 1585 Quae
1658 1497 1757 1567 enim
1781 1520 1803 1568 a
1824 1521 1913 1596 gen-

331 1612 456 1690 tilibus
477 1617 514 1689 in
541 1641 593 1691 ινο
620 1613 837 1689 exeuntibus
857 1611 1062 1686 formantur
1087 1615 1302 1714 possessiva,
1322 1619 1454 1688 extrito
1472 1643 1488 1688 ε
1508 1619 1750 1691 terminantur
1775 1621 1814 1690 in
1834 1647 1914 1700 νιος,

331 1728 509 1847 ssarpaiin'e,
535 1727 738 1846 anpmme'c,
764 1727 953 1817 Arsameia,
980 1734 1049 1811 alia
1076 1734 1174 1838 apud
1195 1735 1429 1812 Lobeclium
1447 1737 1592 1814 Patbol.
1611 1748 1751 1842 p.322,
1780 1743 1916 1842 quibus

330 1858 425 1936 adde
458 1851 651 1971 t‘penrasno'e
684 1859 779 1935 mele
807 1853 978 1966 Τρομίλιοι
1007 1861 1181 1961 scriptum
1215 1863 1254 1933 in
1280 1858 1481 1935 Simonidis
1510 1888 1617 1937 versu
1647 1861 1747 1965 apud
1773 1864 1912 1938 Athen.

329 1982 425 2060 xlv
451 2010 490 2090 p.
510 1986 584 2062 658
611 2010 662 2077 α,
699 1972 875 2091 Κορωνικόο
910 1977 1007 2085 apud
1042 1980 1217 2057 Straben.
1245 1982 1314 2057 IX.
1343 2011 1383 2086 p.
1409 1984 1496 2059 407.
1532 1989 1570 2059 in
1596 1980 1796 2093 κορωνιανιός
1832 2013 1915 2062 eor-

330 2122 494 2214 ruptum,
524 2123 562 2185 ct
588 2104 690 2211 quod
712 2103 897 2210 duplicem
918 2104 1113 2209 ecthlipsin
1135 2131 1281 2210 passum
1303 2123 1357 2182 est
1380 2100 1546 2185 Φενικέςιι
1567 2101 1696 2186 narsem
1714 2108 1812 2213 apud
1833 2109 1916 2184 Ste-

330 2230 495 2339 phanum
519 2232 610 2341 Bya.
647 2258 676 2307 s.
698 2255 734 2308 v.
766 2220 886 2307 Φινιέτ.
935 2225 994 2304 Ad
1022 2233 1215 2331 genuinam
1248 2231 1405 2306 sormam
1438 2235 1605 2336 proxime
1636 2231 1778 2308 aceedit
1810 2232 1913 2336 quod

332 2355 418 2433 eod.
439 2356 483 2433 B.
508 2356 619 2431 hebet
640 2346 797 2440 Μοντινιιὶ,
824 2349 1137 2457 quemadmodum
1157 2352 1255 2457 apud
1273 2355 1519 2431 Themistium
1539 2355 1607 2432 Or.
1623 2356 1717 2429 ΧΠ]
1730 2385 1769 2460 p.
1790 2360 1914 2449 199st

332 2480 422 2557 olim
453 2480 643 2581 legebatur
675 2470 821 2564 Marsaci
862 2471 934 2579 ξένη
973 2501 1043 2581 pro
1075 2470 1258 2564 Menaeni.
1308 2478 1368 2554 De
1402 2481 1688 2556 Mantinensium
1715 2479 1917 2556 orchestica

333 2619 455 2701 egerat
480 2602 690 2706 Steplreaue
727 2628 756 2676 s.
780 2627 816 2678 a.
846 2594 1029 2694 Μαντίνεια,
1065 2615 1106 2675 ut
1132 2600 1347 2703 intelligitur
1374 2629 1418 2678 ex
1443 2607 1487 2676 iis
1515 2630 1609 2704 quae
1635 2604 1809 2705 leguntur
1833 2632 1863 2681 s.
1882 2633 1915 2681 ν.

333 2719 555 2819 tassieium.
601 2724 683 2802 linit
710 2750 750 2799 ea
779 2748 823 2800 ex
850 2748 981 2827 genere
1010 2724 1175 2828 enoplio,
1213 2750 1323 2828 quem
1349 2742 1448 2802 tanta
1474 2743 1550 2802 arte
1574 2727 1629 2801 illi
1656 2746 1911 2819 exercuerunt,

332 2865 373 2927 ut
407 2853 514 2957 primi
545 2853 622 2926 eirn
652 2864 818 2926 erectores
852 2848 961 2926 irrisae
991 2848 1272 2953 perhibeantur,
1315 2847 1472 2925 docente
1496 2850 1695 2926 Plutarcho
1715 2851 1762 2927 V.
1798 2850 1913 2927 Num.

333 3001 414 3081 αιιμ.
437 2984 495 3052 ta:
522 2967 637 3058 Σάλιοι
662 2969 693 3050 δ’
720 2967 914 3062 inhibeam
948 2974 1016 3067 οὐχ
1047 2973 1090 3049 ὥς
1121 2968 1192 3045 ἔνιοι
1224 2970 1475 3064 μυθολογοῦσιν
1502 2967 1731 3083 Σαμόθρᾳκος
1764 2964 1917 3084 <inalpini

333 3092 528 3183 Matrinius,
562 3095 685 3181 Σαλιόν
719 3092 834 3190 Ιὄνομα,
871 3088 1000 3205 πρώτου
1035 3087 1092 3184 τὴν
1125 3088 1266 3170 ἐνόπλιον
1300 3090 1438 3206 ὄρχησιν
1469 3089 1713 3200 ἐκδιδάξαντος,
1746 3125 1840 3202 quae
1871 3125 1917 3173 ex

333 3218 539 3298 Polemone
566 3221 727 3298 deriuate
749 3238 844 3305 euru,
869 3227 934 3325 qui
955 3237 1047 3297 teste
1073 3220 1182 3296 Festo
1210 3247 1239 3295 s.
1257 3248 1292 3295 v.
1317 3220 1436 3298 Salios
1459 3249 1497 3325 p.
1520 3227 1590 3295 229
1611 3222 1670 3298 ed.
1693 3223 1803 3298 Meli.
1832 3223 1914 3297 Ar·

334 3343 443 3419 ereda
474 3343 699 3447 splendens
738 3344 878 3421 l'uisee
908 3345 1087 3421 dixerat
1120 3347 1297 3420 nomine
1327 3342 1510 3434 Salium,
1542 3370 1668 3445 quem
1695 3349 1915 3419 Aeneasa

335 3466 566 3545 Mantinea
606 3472 650 3545 iu
682 3468 866 3546 Italiam
893 3466 1150 3560 ‹leduxerit,
1188 3469 1263 3570 qui
1294 3469 1479 3543 iuvenes
1513 3467 1703 3542 Italicos
1732 3460 1914 3541 ἐνόπλιον

336 3593 619 3669 saltationem
640 3592 864 3671 docuerit.
901 3592 975 3669 l‘ro
995 3592 1095 3667 Salio
1116 3591 1296 3667 Demeam
1311 3595 1476 3665 nominat
1489 3590 1661 3693 Ephorus
1682 3593 1780 3695 apud
1800 3593 1914 3668 Athe-

336 3743 468 3795 naeuru
481 3717 533 3796 lV
561 3745 600 3823 p.
614 3723 684 3793 iat
700 3716 738 3792 d.
769 3711 846 3820 πρόι
874 3711 906 3790 <ll
933 3708 1057 3793 esdron
1085 3712 1139 3788 nni
1166 3710 1382 3808 ὁπλομαχίας
1399 3707 1570 3804 μαθήσεις
1587 3719 1618 3787 ἓν
1636 3717 1809 3812 Μαντινείᾳ
1828 3721 1916 3826 πρῶ-

335 3870 388 3915 τον
418 3837 611 3949 ιὺρίθιιοαν,
639 3836 767 3933 Δημέου
796 3835 832 3914 τὸ
859 3833 1012 3934 τέχνημα
1039 3833 1300 3940 reaedificares.
1344 3837 1615 3941 Hoplomachia
1642 3847 1739 3915 enim
1765 3867 1842 3915 non
1861 3841 1915 3914 di·

338 3988 438 4037 verse
465 3966 699 4049 existimanda
728 3982 782 4041 eet
808 3967 853 4040 ab
881 3955 1017 4072 δρχιὶοιν
1042 3957 1187 4057 ἑνοπλίμ,
1223 3987 1317 4065 quae
1344 3966 1381 4037 ia
1408 3988 1455 4038 eo
1485 3966 1720 4058 cernebatur,
1756 3981 1797 4039 ut
1817 3991 1915 4039 arma

336 4112 420 4159 eum
446 4081 583 4159 decoro
610 4094 776 4189 eorporis
803 4107 908 4163 rnotu
934 4105 971 4163 et
997 4092 1045 4163 ite
1072 4103 1314 4162 tractarentur
1338 4102 1381 4163 ut
1405 4088 1591 4190 perfectae
1617 4092 1701 4163 artis
1720 4091 1915 4190 imaginem

337 4209 540 4285 exhiberet.
585 4206 706 4303 Quem
732 4211 910 4285 Demeam
935 4215 1079 4288 vocarit
1104 4209 1290 4314 Ephorus,
1326 4210 1519 4287 Demonax
1547 4210 1680 4286 dieitur
1708 4212 1915 4315 Hermippo

337 4332 434 4435 apud
461 4333 692 4409 Athenaeum
720 4332 746 4409 l.
777 4325 1073 4443 1.“Ερμιπιτοιδ’
1100 4338 1130 4408 ἓν
1158 4326 1276 4442 πρώτῳ
1303 4331 1374 4444 aspi
1399 4333 1586 4426 νομοθετῶν
1604 4334 1668 4408 τῶν
1686 4328 1915 4426 μονομαχούν-

338 4485 401 4530 των
429 4453 559 4562 εὑρετὰς
585 4453 758 4555 ἀποφαίνει
784 4463 967 4541 Μαντινεῖς,
995 4449 1216 4550 Δημώνακτος
1242 4455 1308 4537 ivis
1333 4461 1397 4534 τῶν
1423 4462 1564 4534 πολιτῶν
1588 4447 1916 4547 συμβουλεύσαντος,

340 4577 394 4654 καὶ
420 4574 568 4669 ζηλωτὰς
587 4574 703 4654 τούτου
729 4576 894 4671 γενέσθαι
908 4579 1118 4691 -Κυρηναίουι,
1160 4582 1305 4678 Quibus
1331 4609 1417 4663 eave
1444 4588 1493 4658 ita
1514 4586 1625 4658 utaris
1647 4598 1689 4657 ut
1707 4583 1916 4659 Mantinea·

338 4731 394 4782 ees
420 4702 676 4809 gladiatoriae,
708 4706 824 4808 qualis
851 4733 870 4781 a
898 4706 1026 4784 Tuscis
1054 4725 1091 4785 et
1117 4707 1293 4785 Romanis
1321 4709 1577 4799 exercebatur,
1613 4723 1782 4785 auctores
1807 4708 1917 4784 fuisse
