4492 5686
1201 198 1250 269 ts

574 456 654 530 XII
677 483 718 559 p.
742 459 830 528 510.
854 453 892 529 d.
946 451 1193 555 Empedocles
1224 450 1363 554 ξανθῶν
1395 479 1432 526 τε
1464 448 1608 530 σπονύἀς
1633 449 1771 545 μελίτων
1798 451 1961 564 ῥίπτοντες
1987 459 2019 533 ἐς

434 571 536 658 oilae.
573 578 649 655 Pro
670 577 808 680 ξανθῶν
827 577 1057 682 Porphyrius
1075 579 1182 651 Abat.
1203 577 1253 669 Π,
1276 586 1338 650 21.
1364 575 1512 678 ξανθῶν,
1539 576 1641 679 quod
1670 583 1734 680 qui
1759 585 1898 682 recepit
1922 581 2016 654 Kar·

432 681 556 779 stenus
580 701 802 806 Empedocl.
824 730 862 805 p.
887 704 972 776 270.
999 694 1137 790 μελίτων
1163 727 1234 804 pro
1260 701 1428 792 μελισσῶν
1456 699 1595 776 dictum
1621 707 1758 795 statuit,
1789 729 1882 805 quae
1909 709 2016 779 etiam

432 827 614 904 Lobecltii
636 827 785 904 Pathol.
814 854 853 930 p.
875 827 948 901 379
976 828 1156 911 sententia
1184 841 1257 918 eat;
1287 840 1324 900 at
1356 824 1444 927 quid
1476 824 1631 928 impedit
1658 831 1854 929 quominus
1880 823 2017 916 μελίτων

434 951 479 1030 ad
506 946 581 1043 μέλι
606 951 807 1027 reseratur?
858 951 942 1025 Hoc
968 953 997 1023 si
1022 974 1148 1024 verum
1177 965 1243 1041 est,
1274 950 1489 1052 intelligitur
1519 948 1654 1050 ξουθῶν
1680 976 1831 1052 prorsus
1857 976 1934 1026 esse
1960 978 2017 1026 re·

433 1075 644 1152 iieiendum.
700 1075 784 1149 Hoc
816 1079 914 1148 enim
946 1071 1165 1149 adiectivum
1197 1073 1359 1175 agilem
1388 1077 1512 1176 potius
1545 1091 1581 1148 et
1614 1074 1806 1149 celerem
1842 1073 2018 1152 denotare

433 1199 578 1276 videtur
604 1225 715 1303 quam
740 1199 929 1290 flavum,
960 1224 1072 1300 quem
1097 1197 1338 1300 significatum
1365 1198 1429 1299 qui
1460 1214 1686 1273 antestantur
1711 1203 1934 1300 grammatici
1957 1225 2017 1274 ex·

434 1324 611 1426 emplum,
637 1321 739 1425 quod
761 1326 884 1413 seiam,
909 1321 1109 1395 attulerunt
1129 1321 1286 1394 nullum.
1327 1322 1388 1394 Ab
1411 1346 1456 1395 eo
1479 1318 1581 1424 quod
1605 1319 1785 1396 deflexum
1807 1339 1862 1398 est
1882 1348 2018 1398 nomen

433 1452 502 1523 viri
529 1445 673 1528 Ξοῦθος,
700 1443 931 1519 Herodianus
957 1445 1059 1519 Dict.
1085 1444 1154 1518 sol.
1171 1472 1212 1546 p.
1230 1449 1326 1532 42,8
1348 1449 1540 1548 componit
1566 1472 1647 1546 cum
1670 1443 1799 1522 Βούθος
1820 1462 1857 1521 et
1875 1443 2018 1528 Νούθος,

434 1597 529 1675 quae
555 1569 645 1644 mihi
671 1573 874 1672 composita
900 1593 977 1642 esse
1001 1565 1173 1643 videntur
1197 1593 1268 1669 pro
1295 1557 1442 1645 Βοιίθοος
1464 1586 1501 1644 et
1521 1561 1680 1651 Νούθοος,
1708 1568 2018 1671 quemadmodum

434 1689 562 1782 Βέηθος
589 1693 727 1767 dictum
754 1710 809 1767 est
834 1718 905 1794 pro
927 1683 1085 1778 Βοάθοος,
1112 1683 1254 1800 Πέριθος
1279 1718 1350 1795 pro
1368 1686 1539 1799 Περίθοος,
1558 1683 1722 1770 Ἀλκιθος
1741 1721 1812 1796 pro
1827 1689 2018 1776 ’Δλιάθιος

433 1811 567 1895 Δάϊθος
592 1841 663 1919 pro
690 1810 848 1892 Δαίθοος.

573 1939 649 2014 XII
665 1968 705 2042 p.
724 1944 796 2012 518
811 1965 845 2013 c.
876 1928 1103 2045 ἐπιχωριάζειν
1130 1930 1163 2009 di
1189 1940 1261 2045 παρ’
1289 1942 1397 2015 αὐτοῖς
1418 1930 1654 2048 (Συβαρίταις)
1675 1936 1727 2014 tad
1744 1935 1800 2029 τὴν
1820 1936 1941 2050 τρυφην
1961 1945 2016 2015 ἀν-

433 2055 612 2175 θρωπάρια
643 2056 745 2171 μικρά
773 2059 828 2135 καί
860 2056 935 2138 τούς
966 2056 1167 2144 σκωπαίους,
1201 2051 1244 2139 ῶς
1275 2081 1372 2159 φησιν
1400 2065 1414 2135 ὃ
1442 2060 1562 2150 Ἰἰ’μων,
1587 2058 1663 2141 τούς
1688 2058 1903 2156 καλουμένους
1928 2058 2020 2173 παρά
2081 2152 2087 2161 ⁴

434 2216 501 2264 τισι
536 2183 733 2262 στίλπωνας.
783 2184 980 2260 Verissime
1007 2185 1239 2288 Theophilus
1272 2185 1465 2289 Roeperus
1496 2187 1583 2261 loco
1611 2186 1780 2262 Timonis
1812 2215 1850 2263 se
1877 2190 2019 2263 Timaei

433 2338 570 2388 nomen
597 2314 784 2412 requirere
808 2309 898 2382 mihi
925 2307 1111 2386 indicarit.
1166 2312 1256 2384 Mox
1273 2310 1330 2384 lit.
1348 2311 1376 2384 f.
1395 2327 1494 2385 recte
1512 2309 1608 2385 Ven.
1628 2303 1884 2398 Μασσανάσσης
1906 2312 2019 2388 habet

433 2464 503 2541 pro
533 2425 776 2520 Μασανάσσης.
804 2431 898 2508 Vide
917 2431 1069 2508 Suidam
1090 2460 1119 2508 s.
1136 2461 1172 2510 v.
1196 2423 1282 2506 θύοι
1304 2432 1539 2508 emendatum
1560 2433 1685 2508 Anall.
1709 2433 1817 2510 Alex.
1840 2462 1880 2537 p.
1906 2442 1990 2511 151.

574 2557 650 2632 XII
667 2585 707 2659 p.
725 2562 797 2630 520
813 2582 846 2630 a.
875 2557 920 2629 In
942 2556 1093 2631 oraculo
1112 2554 1265 2659 Pythiae
1286 2562 1485 2632 rectissime
1503 2558 1605 2660 Epit.
1635 2550 1703 2631 ἔστ’
1731 2546 1768 2630 ἀν
1794 2552 1830 2645 δὴ
1858 2552 2018 2669 πρύτερον.

434 2686 509 2758 Lit.
538 2684 578 2756 b.
612 2680 736 2752 malim
767 2678 891 2768 ἐγένετο
927 2674 959 2751 δ’
988 2670 1039 2751 οὐν
1065 2681 1182 2755 αὐτοῖς.
1234 2679 1367 2753 Paullo
1395 2696 1481 2780 post
1506 2684 1672 2780 sequitur
1699 2680 1882 2758 Charonis
1908 2684 2017 2759 Lam·

433 2811 581 2911 psaceni
615 2805 737 2878 locus:
776 2796 943 2876 ἐκέλευσεν
975 2805 1080 2874 αὐλεῖν
1107 2797 1151 2876 rai
1177 2795 1363 2889 αὐλήματα,
1391 2793 1456 2875 ὅσα
1483 2807 1512 2874 οἱ
1535 2797 1629 2876 ἵπποι
1653 2804 1717 2877 τῶν
1744 2800 1921 2913 Καρδιηνῶν
1947 2810 2017 2909 ἕξε-

434 2921 622 3004 πισταίατο.
674 2925 801 3000 Malim
837 2921 1061 3026 ἐξεπιστέατο.
1112 2927 1168 3000 Λα
1199 2930 1322 3000 nescio
1356 2952 1402 3001 an
1434 2924 1573 3000 ibidem
1604 2931 1713 3002 etiam
1744 2925 1950 3023 ἀποδεχθεὶς
1980 2949 2019 3008 et

434 3046 609 3138 ἀπικομένη
636 3077 706 3153 pro
732 3053 988 3125 communibus
1009 3050 1138 3124 formis
1157 3049 1382 3125 restituenda
1403 3056 1487 3125 sint.
1516 3049 1592 3126 Lit.
1612 3051 1641 3126 f.
1672 3052 1878 3130 revocanda
1902 3055 2016 3130 libro·

434 3207 515 3253 rum
542 3181 722 3277 scriptura
749 3165 903 3265 ἅπαντας,
933 3172 1090 3247 indicata
1115 3175 1259 3250 lacuna.
1336 3188 1338 3193 ’

574 3299 650 3372 ΧΠ
667 3326 707 3400 p.
725 3303 797 3371 523
814 3325 848 3370 a.
897 3289 1063 3384 Ἰαπύγων
1089 3325 1125 3370 τε
1152 3288 1193 3369 αὐ
1219 3292 1256 3370 τὸ
1282 3291 1374 3385 γένος
1398 3301 1437 3371 ἐκ
1458 3289 1582 3402 Κράτης
1602 3292 1647 3380 έν,
1673 3301 1736 3373 τῶν
1756 3297 1845 3375 κατά
1865 3296 2017 3379 Γλαύκου

436 3415 567 3516 ζήτησιν
586 3414 789 3518 ἀφικομένων
817 3417 872 3494 καί
897 3416 1180 3506 κατοικησάντων,
1207 3425 1236 3492 οἱ
1258 3415 1345 3511 μετά
1370 3412 1503 3498 τούτους
1526 3413 1635 3508 λη’θην
1661 3412 1825 3501 >ratitum
1850 3426 1907 3511 τῆς
1933 3438 2017 3532 Κρη-

435 3549 498 3624 τῶν
523 3543 596 3655 περί
620 3540 674 3620 τύν
700 3535 776 3626 βίον
802 3540 979 3633 εὐκοσμίας
1004 3548 1047 3621 εἷς
1065 3545 1161 3618 τοῶτο
1186 3546 1310 3652 τρυφῆς
1329 3588 1371 3604 -
1392 3535 1511 3632 ἦλθον,
1537 3535 1625 3618 ῶστε
1645 3547 1767 3653 πρῶτοι
1786 3542 1823 3620 ‘ri
1842 3541 2018 3658 πράσωπον

434 3663 662 3782 ἐντριψάμενοι
689 3666 744 3744 καί
769 3661 933 3778 προκόμια
958 3660 1122 3776 περιθετά
1146 3697 1183 3742 τε
1208 3659 1373 3749 tetidem
1398 3663 1524 3747 στολάς
1547 3663 1603 3760 μὲν
1624 3665 1763 3748 ἀνθινάς
1781 3673 1923 3781 φορῆσαι
1943 3687 2017 3751 κτλ.

434 3799 494 3873 De
529 3796 673 3873 Cretica
706 3796 883 3900 Iapygum
914 3794 1141 3896 aliarumque
1173 3793 1299 3868 Italiae
1332 3793 1515 3868 inferioris
1549 3795 1711 3896 gentium
1744 3801 1903 3899 origine,
1942 3803 2017 3877 sive

435 3947 520 3997 rara
547 3926 620 3994 sive
647 3921 828 4012 fabulosa,
858 3935 957 3994 certe
983 3946 1003 3993 a
1030 3917 1153 3993 multis
1174 3920 1414 4020 scriptoribus
1437 3915 1569 3993 tradita
1591 3935 1629 3993 et
1649 3916 1798 4011 eredita,
1828 3920 2016 4023 aliquanto

435 4045 541 4147 plura
562 4042 685 4116 allerri
705 4061 861 4144 possunt
880 4071 989 4146 quam
1015 4044 1151 4118 factum
1179 4058 1233 4117 est
1256 4045 1303 4117 ab
1330 4043 1469 4118 Carolo
1495 4042 1664 4118 Hoeelio
1686 4046 1725 4116 in
1747 4042 1879 4118 Cretae
1898 4045 1974 4121 vol.
1994 4054 2016 4120 2

435 4196 475 4272 p.
496 4175 584 4240 382.
633 4163 745 4260 Quod
772 4184 893 4241 autem
920 4166 1101 4242 Glaucum
1128 4171 1294 4242 nominat
1312 4168 1523 4242 Athenaeus
1549 4193 1620 4270 pro
1641 4164 1823 4258 Daedalo,
1851 4194 1929 4244 non
1949 4168 2016 4246 du·

435 4295 536 4366 bium
571 4309 625 4367 est
657 4293 747 4393 quin
781 4294 978 4365 memoriae
1014 4317 1137 4367 errore
1168 4293 1303 4367 factum
1336 4297 1395 4385 sit,
1430 4296 1531 4366 cuius
1563 4290 1654 4366 haec
1685 4318 1789 4366 causa
1817 4308 1883 4384 est,
1914 4293 2016 4394 quod

436 4416 626 4491 scribentis
649 4419 771 4490 animo
795 4416 1084 4492 obversabantur
1106 4443 1200 4518 quae
1223 4414 1269 4490 de
1292 4416 1448 4508 Glauco,
1477 4417 1613 4490 Minois
1631 4414 1725 4509 filio,
1757 4412 1853 4517 apud
1874 4430 2016 4492 veteres

435 4536 673 4614 tradebantur
700 4541 842 4614 similia.
883 4538 968 4614 Vid.
990 4541 1124 4643 Hygin.
1146 4540 1221 4613 fab.
1245 4543 1313 4612 136
1337 4557 1372 4613 et
1390 4539 1614 4642 Apollodor.
1636 4548 1672 4633 3,
1691 4547 1727 4630 3,
1751 4547 1782 4612 1.
1811 4537 1900 4613 Non
1917 4557 2018 4617 recte

436 4667 544 4762 igitur
569 4665 624 4737 vir
650 4659 778 4737 doctus
804 4662 851 4737 de
879 4663 1023 4739 Glauco
1051 4666 1233 4767 cogitabat
1252 4662 1507 4739 Anthedonio.
1546 4663 1619 4739 Sed
1641 4669 1678 4738 in
1697 4666 1818 4739 verbis
1836 4663 2018 4741 Athenaei
