4492 5686
1109 221 1343 364 ...iim

432 476 755 582 Aristophontem
792 496 890 553 certe
918 505 1039 581 neque
1073 495 1197 552 orator
1222 505 1344 581 neque
1371 481 1533 553 comicus
1559 497 1670 583 poeta
1696 482 1851 584 intelligi
1878 454 2014 585 potest.

435 602 556 698 Quam
586 606 635 677 ob
663 631 741 678 rem
770 599 927 711 Ἀρίστων
960 601 1197 677 scribendum
1229 607 1408 706 suspicor,
1446 606 1548 677 cuius
1577 594 1702 696 “’ομοια
1726 599 1865 712 ἐρωτικοί
1890 607 2017 709 paullo

433 743 515 801 ante
542 730 632 825 (563
653 729 698 827 l.)
724 726 886 803 laudavit
911 733 1082 831 scriptor.

572 852 667 924 XIII
685 880 723 956 p.
742 855 815 926 564
830 878 863 924 a.
894 846 973 959 πρδς
994 844 1156 938 ἀλήθειαν
1176 844 1253 958 γάρ,
1281 843 1441 959 καθάπερ
1464 847 1551 949 φησί
1571 845 1746 960 Κλέαρχος
1770 854 1802 923 ἕν
1827 854 1874 946 τῷ
1901 845 2018 959 πρώτῳ

432 975 495 1047 τῶν
528 976 685 1082 ἐρωτικῶν
720 970 952 1081 Δυκοφρονίοῆν
984 970 1135 1083 εἰρηκέναι
1167 970 1274 1074 φησίν.
1333 976 1377 1048 In
1414 974 1470 1048 his
1507 976 1661 1051 alterum
1704 974 1791 1074 φησί
1820 974 2019 1051 delendum

432 1096 590 1173 videtur.
644 1097 942 1204 Lycophronidis
969 1126 1094 1174 versus
1120 1099 1159 1173 hi
1183 1116 1288 1173 sunt:

808 1214 895 1296 Ούτε
920 1218 1033 1300 παιδδς
1058 1215 1190 1330 ἄρσενος
1217 1217 1289 1296 οὔτε
1314 1217 1489 1326 παρθένων

805 1348 869 1419 τῶν
895 1339 1115 1453 χρυσοφίρων
1142 1339 1214 1419 ούτε
1239 1347 1401 1434 ’γυναικῶν
1428 1337 1666 1427 βαθυκύλπων

807 1465 906 1542 καλδν
933 1464 969 1542 ri
996 1463 1182 1576 πρόσωπον,
1209 1459 1301 1542 ἄλλοί
1325 1462 1460 1560 κόσμιον
1487 1462 1637 1567 πεφύκει.

805 1596 823 1677 ή
851 1588 917 1700 ’γὰρ
943 1587 1038 1669 athir
1064 1584 1169 1669 ἄνθος
1194 1588 1380 1701 ἐπισπείρει.

433 1719 478 1791 In
503 1716 577 1791 hoc
599 1721 773 1808 carmine,
803 1721 905 1790 cuius
935 1715 981 1789 de
1006 1734 1125 1791 metro
1156 1722 1291 1792 rectius
1324 1719 1476 1792 sortasse
1504 1718 1718 1792 Hermanno
1740 1719 1791 1793 D.
1807 1722 1863 1794 M.
1885 1748 1925 1822 p.
1944 1726 2015 1794 446

434 1846 559 1915 statuit
584 1839 759 1942 Bergkius
785 1839 874 1942 Lyr.
897 1855 1002 1945 poet.
1029 1866 1070 1940 p.
1093 1842 1180 1931 867,
1210 1845 1344 1913 mirum
1370 1858 1424 1915 est
1450 1845 1633 1916 neminem
1658 1842 1816 1918 haesisse
1842 1849 1880 1918 in
1906 1848 2016 1920 tertio

433 1991 553 2055 versu,
585 1969 648 2066 qui
674 1990 750 2037 uon
777 1964 930 2064 intelligi
956 1979 1079 2064 potest
1104 1967 1174 2036 nisi
1199 1968 1248 2038 ita
1276 1980 1481 2039 correctus:

748 2080 849 2160 καλὸν
875 2080 912 2160 τδ
939 2078 1127 2197 πρόσωπον,
1154 2077 1191 2159 ἂν
1217 2081 1303 2187 (ἐὰν)
1332 2080 1376 2178 μή
1403 2079 1537 2180 κίσμιον
1564 2083 1706 2187 πεφύκῃ.

433 2214 517 2287 Ηοα
545 2216 642 2286 enim
669 2209 742 2285 dici
771 2209 912 2301 debuit,
947 2211 1088 2285 nullam
1122 2237 1199 2286 esse
1232 2211 1399 2314 pulcram
1431 2212 1562 2285 faciem
1595 2216 1664 2287 nisi
1694 2212 1848 2316 pudoris
1874 2231 1911 2288 et
1936 2240 2015 2286 mo-

433 2335 569 2411 destiae
602 2334 873 2410 commendatio
904 2333 1065 2409 accedat.
1127 2334 1302 2411 Ceterum
1336 2363 1414 2409 non
1445 2339 1558 2409 ausim
1592 2363 1676 2409 cum
1706 2336 1865 2438 Bergkio
1896 2337 2017 2441 Lyco·

433 2458 654 2563 phronidem
681 2463 720 2532 in
744 2463 864 2561 poetis
890 2476 973 2532 ante
999 2457 1250 2533 Alexandrum
1275 2460 1493 2534 florentibus
1520 2486 1726 2535 numerare.

573 2583 667 2655 XIII
683 2611 723 2684 p.
741 2587 813 2655 665
827 2582 854 2655 f.
894 2579 949 2654 καί
978 2576 1045 2687 γὰρ
1071 2585 1101 2652 ἓν
1133 2588 1205 2658 ταῖς
1229 2579 1401 2687 εὐανδρίαις
1427 2578 1502 2657 τούς
1528 2579 1729 2660 καλλίστους
1754 2579 1938 2691 ἐγκρίνουσι
1964 2581 2019 2657 καί

433 2699 566 2781 τούτους
592 2709 808 2813 πρωτοφορεῖν
835 2698 1051 2811 ἐπιτρέπουσι.
1094 2704 1220 2778 Verbo
1239 2709 1455 2812 πρωτοφορεῖν
1476 2705 1642 2782 Valesius
1663 2705 1914 2814 πτορθοφορεῖν,
1940 2708 2016 2782 Lo·

432 2827 584 2904 beckius
610 2828 795 2931 Aglaoph.
832 2856 871 2930 p.
899 2833 994 2901 1025
1022 2821 1213 2935 ῥοδοφορεῒν,
1249 2827 1416 2905 Struvius
1442 2827 1534 2903 ibid.
1566 2857 1605 2931 p.
1634 2834 1729 2903 1358
1764 2836 2016 2938 κροκωτοφορεῖν

432 2956 603 3029 substitui
628 2953 757 3028 voluit.
812 2950 1000 3026 Praestare
1028 2957 1164 3055 opinor
1187 2957 1442 3060 κρωσσοφορεῖν.
1497 2952 1745 3028 Pulcerrimos
1765 2980 1934 3056 quosque
1953 2952 2016 3028 de-

432 3079 595 3181 ligebant
620 3102 758 3178 eosque
784 3081 824 3149 in
845 3075 990 3150 solenni
1010 3102 1149 3179 pompa
1174 3075 1321 3180 hydrias
1348 3080 1457 3151 sacris
1484 3076 1660 3150 faciendis
1684 3082 1903 3152 necessarias
1928 3105 2016 3180 por·

432 3219 510 3276 tare
536 3208 730 3275 iusserunt.
787 3197 972 3301 Compara
1005 3204 1216 3300 sequentia:
1252 3197 1307 3272 noi
1338 3203 1368 3272 ἕν
1389 3192 1496 3271 Ἤλιδι
1522 3196 1627 3308 κρίσις
1652 3198 1775 3289 γίνεται
1801 3195 1944 3278 κάλλους
1964 3200 2018 3274 καί

434 3326 480 3417 τῷ
507 3317 625 3429 πρώτῳ
651 3317 695 3394 τοὶ
720 3322 776 3406 τῆς
802 3317 886 3392 θεοῦ
914 3315 1015 3428 φέρειν
1043 3315 1147 3413 τεύχη
1167 3316 1296 3392 δίδοται.
1350 3321 1423 3394 Cui
1454 3326 1548 3392 mori
1574 3325 1774 3395 consimilis
1802 3327 1871 3397 fuit
1896 3327 2015 3398 Tana-

434 3472 625 3548 graeorum
652 3444 698 3519 de
726 3470 802 3546 quo
827 3443 1070 3534 Pausan.IX,
1090 3451 1137 3515 22
1165 3448 1221 3517 in:
1251 3431 1285 3518 δς
1310 3438 1342 3515 δ’
1370 3431 1408 3515 δν
1434 3437 1510 3515 εῖναι
1536 3445 1599 3516 τῶν
1625 3435 1761 3541 ἐφήβων
1788 3446 1952 3554 προκριθῇ
1980 3445 2016 3521 τὸ

433 3567 512 3646 εἶδος
538 3561 731 3651 κάλλιστος,
758 3561 850 3645 οὗτος
874 3563 905 3640 ἓν
932 3568 988 3641 τοῦ
1010 3568 1132 3674 Ἑρμοῦ
1158 3566 1195 3662 τῇ
1222 3568 1311 3674 ἑορτῇ
1339 3562 1489 3675 περίεισιν
1516 3571 1546 3639 ἕν
1566 3559 1679 3661 κύκλῳ
1700 3569 1757 3642 τοῦ
1776 3565 1908 3663 τείχους
1926 3565 2015 3664 ἔχων

432 3689 513 3805 ἄρνα
543 3690 685 3766 ἐπὶτῶν
719 3684 823 3783 ὤμων.
875 3690 934 3764 Ad
969 3685 1121 3798 κρωσσδς
1153 3690 1219 3764 cfr.
1260 3690 1540 3793 Theognostum
1569 3690 1686 3765 Beki.
1726 3695 1795 3767 An.
1827 3722 1866 3796 p.
1903 3701 2012 3770 1392.

433 3822 561 3930 κρῶπος
587 3818 629 3913 (Ι.
651 3811 817 3926 κρωσσδς)
842 3809 942 3924 ὑδρία.

574 3941 671 4014 XIII
689 3971 728 4044 p.
747 3945 819 4015 565
835 3968 868 4014 a.
926 3939 1174 4043 Chrystpus:
1205 3932 1241 4011 τύ
1264 3930 1434 4046 ξύρεσθαι
1459 3934 1512 4012 τδν
1537 3935 1682 4029 παίγωνα
1709 3943 1782 4014 κατ’
1802 3938 2013 4050 Ἀλέξανδρον

433 4068 603 4176 προῆκται,
629 4064 692 4136 τῶν
718 4057 853 4170 πρνίτων
882 4067 916 4136 οὐ
941 4057 1119 4170 χρωμένων
1146 4063 1244 4157 αὐτῷ.
1295 4064 1423 4138 Malim
1448 4065 1513 4138 τῶν
1541 4058 1709 4173 προτέρων.

573 4187 668 4260 ΧΠΙ
685 4213 725 4288 p.
743 4189 815 4258 566
832 4213 865 4259 e.
895 4183 1011 4260 ἐκείνου
1041 4189 1098 4260 τού
1126 4179 1292 4276 ὁμωνύμου
1320 4214 1373 4260 σοι
1399 4189 1529 4274 ποιητοῦ
1554 4183 1609 4275 τήν
1637 4182 1755 4277 κνήμην
1782 4192 1898 4298 φορῶν,
1925 4180 1958 4267 ’ὂς
1984 4196 2013 4264 ἓν

432 4321 496 4392 τοῖς
524 4307 707 4398 καπηλείοις
733 4306 789 4384 καί
814 4303 1011 4385 πανδοκείοις
1037 4306 1085 4381 dei
1110 4305 1281 4384 δαιτιῖταν.
1318 4310 1412 4387 Sunt
1432 4312 1589 4416 Cynulci
1609 4311 1654 4386 ad
1675 4315 1864 4417 Myrtilum
1884 4315 2009 4405 verba,

432 4443 468 4513 in
503 4439 635 4539 quibus
670 4463 782 4538 quum
812 4433 982 4538 Myrtilus
1017 4439 1246 4536 cognominis
1277 4452 1409 4539 poetae
1442 4425 1498 4523 τήν
1533 4429 1652 4526 κνήμην
1686 4454 1822 4538 gestare
1855 4434 2009 4527 dicatur,

432 4559 794 4662 Schweighaeuserus
831 4558 1023 4661 Myrtilum
1056 4564 1227 4660 antiquae
1267 4558 1479 4635 comoediae
1511 4576 1658 4662 poetam
1692 4560 1845 4662 intelligi
1879 4560 2010 4635 voluit.

429 4688 596 4761 Incertus
624 4684 747 4757 haeret
775 4683 1026 4758 Casaubonus.
1069 4683 1163 4757 Mihi
1188 4710 1265 4759 uon
1293 4683 1445 4758 dubium
1472 4682 1617 4762 videtur
1644 4684 1867 4786 quinalium
1897 4713 2012 4788 quen·
