4492 5686
1159 232 1210 304 38

1067 345 1302 374 mmm

394 495 533 569 hahent
557 485 685 566 θυσίας
710 517 748 563 τε
772 491 811 586 τῇ
836 486 909 582 θεῷ
935 483 992 563 καὶ
1016 485 1152 566 ἀναθείς
1177 487 1215 586 τῇ
1237 482 1408 596 Ἀφροδίτῃ
1434 478 1587 580 ἄγαλμα.
1640 489 1881 568 casaubonus
1907 486 1976 566 θέ·

395 645 468 694 σας.
518 615 604 691 Non
632 617 752 688 minus
777 613 1021 717 probabiliter
1047 616 1205 714 corrigas
1230 604 1416 690 θυσιέσας.

532 739 605 814 XV
623 767 661 841 p.
680 738 752 813 679
768 766 801 813 a.
836 739 892 826 τῆς
917 729 1049 827 ἀειζώου
1074 726 1230 825 βοτάνης.
1256 733 1292 826 ἧς
1319 726 1561 823 ὃἈνθηδένιος
1585 740 1702 815 ἐκεῖνος
1726 734 1846 829 δαίμων
1872 741 1975 837 ἐμφο·

393 860 506 974 ρηθεδς
530 855 702 940 ἐνθένατος
735 854 833 935 πάλιν
867 852 886 946 η’
911 891 960 939 τις
984 855 1110 951 «γέγονε.
1163 863 1332 937 Tractari
1357 860 1449 936 haec
1475 859 1638 963 Specim.
1657 863 1677 936 I
1694 890 1733 965 p.
1752 868 1814 938 50.
1843 868 1979 968 partim

391 1006 492 1064 recte
517 991 650 1090 partim
677 1013 793 1061 secus.
850 983 1121 1087 Corrigendum
1151 973 1312 1062 videtur:
1348 981 1383 1071 οἷς
1408 978 1651 1072 ὃἈνθηδίνιος
1681 989 1798 1065 ἐκεῖνος
1827 982 1978 1073 ἁλιουτης

393 1113 467 1212 (vel
494 1106 731 1211 ἀσπαλιευτέης)
757 1105 955 1218 ἐμφορηθείς
980 1103 1100 1200 δαίμων
1121 1100 1310 1186 θαλοίττιος
1334 1102 1459 1198 γέγονε.

534 1235 606 1310 XV
628 1264 667 1338 p.
686 1239 758 1309 680
775 1234 812 1309 d.
861 1229 990 1308 Ἀκίνιοι
1023 1227 1184 1331 στέφανοί
1211 1262 1292 1310 τινες
1325 1234 1502 1307 καλοῦνται
1535 1224 1635 1313 οὕτως
1666 1239 1694 1308 οἱ
1721 1238 1760 1309 ἐκ
1785 1236 1842 1323 τῆς
1866 1231 1976 1310 ἀκίνου

393 1362 450 1435 τοῦ
472 1361 577 1457 φυτοῦ
603 1351 805 1450 πλεκόμενοι,
837 1348 879 1435 νίς
913 1379 1011 1455 φησιν
1037 1349 1186 1465 Ἄνδρων.
1239 1354 1352 1450 Quod
1379 1356 1556 1450 medicus,
1586 1359 1735 1462 qualem
1758 1357 1978 1436 Andronem

393 1486 504 1559 fuisse
529 1499 685 1574 constat,
720 1480 766 1556 de
794 1481 945 1556 corollis
973 1481 1160 1583 explicuit,
1199 1506 1276 1555 non
1302 1485 1434 1555 mirum
1460 1479 1577 1557 videri
1602 1500 1738 1586 potest,
1767 1487 1798 1558 si
1825 1482 1977 1587 quidem

392 1609 549 1682 multum
576 1605 620 1681 ad
647 1603 894 1681 valetudinem
920 1606 1331 1706 interesse'putabatur,
1366 1631 1442 1708 quo
1477 1609 1558 1706 quis
1588 1610 1627 1680 in
1653 1610 1829 1684 conviviis
1859 1623 1978 1683 serto·

393 1740 476 1807 rum
510 1755 641 1834 genere
674 1745 852 1805 uteretur.
909 1729 988 1805 Csr.
1015 1727 1155 1802 Plinius
1179 1727 1264 1803 HN.
1291 1735 1352 1821 21,
1374 1733 1462 1819 a,9.
1494 1729 1606 1833 apud
1640 1730 1840 1807 Graecos
1875 1735 1980 1834 qui·-

394 1854 492 1931 dem
518 1853 572 1928 de
599 1857 781 1928 coronis
806 1856 1020 1956 privatim
1050 1855 1273 1955 scripsere
1298 1853 1574 1929 Mnesitheus
1599 1872 1732 1958 atque
1760 1854 1976 1931 Callima·

394 1979 501 2055 chus
527 1976 706 2069 medici,
737 1980 949 2080 quoniam
977 1992 1020 2050 et
1045 1980 1092 2049 in
1116 1974 1203 2050 hoo
1230 1993 1298 2051 est
1324 1977 1774 2079 aliquaraletudinis
1800 1986 1972 2082 portio,

393 2109 437 2178 in
463 2120 574 2208 potu
601 2119 733 2205 atque
758 2100 1003 2176 hilaritate
1028 2103 1278 2203 praecipue
1307 2098 1496 2175 odorum
1522 2107 1564 2176 vi
1590 2104 1868 2206 subrepente
1895 2104 1976 2177 ial-

392 2227 571 2301 laciter.
626 2226 723 2301 Hinc
750 2241 806 2299 est
832 2222 934 2331 quod
960 2222 1180 2317 Philonidis,
1210 2224 1345 2298 nobilis
1372 2221 1517 2316 medici,
1542 2225 1678 2299 librum
1700 2223 1771 2333 περὶ
1789 2219 1895 2333 μύρων
1922 2224 1977 2300 καὶ

394 2342 566 2447 στεφάνων
599 2347 725 2422 laudat
757 2347 969 2423 Athenaeus
987 2347 1060 2423 XV
1081 2376 1121 2450 p.
1139 2349 1212 2423 675
1233 2375 1266 2423 a.
1303 2365 1340 2423 et
1366 2345 1513 2424 Claudii
1541 2346 1729 2423 Saturnini
1757 2347 1802 2423 de
1829 2355 1976 2425 coronis

394 2477 631 2576 scriptionem
656 2472 769 2547 hahes
794 2471 893 2574 apud
919 2471 1079 2546 Tertull.
1109 2471 1156 2547 de
1183 2471 1273 2547 Cor.
1295 2471 1367 2547 VII
1382 2499 1422 2576 p.
1442 2477 1530 2547 205.
1663 2554 1668 2564 ¹

534 2596 603 2670 XV
628 2623 667 2696 p.
691 2598 760 2667 681
780 2623 813 2669 a.
870 2586 1124 2701 Θεμισταγόρας
1158 2591 1190 2666 δ
1224 2589 1416 2689 ὃἘφέσιος
1441 2599 1471 2667 ἐν
1503 2597 1540 2691 τῇ
1573 2591 1815 2702 ἐπιγραφομένῃ
1848 2599 1975 2706 χρυσέῃ

393 2710 515 2814 βίβλῳ
540 2713 606 2791 ἀπὸ
632 2719 689 2803 τῆς
715 2709 844 2825 πραίτης
867 2711 1074 2827 δρεψαμένης
1096 2709 1222 2815 νύμφης
1243 2709 1449 2826 Ἑλιχρύσης
1474 2710 1572 2800 ένομα
1590 2713 1628 2792 τδ
1653 2711 1759 2795 οἷνθος
1782 2721 1976 2812 ἐνομασθῆ-

395 2874 454 2918 ναι.
506 2840 695 2945 Adscripsi
720 2841 825 2934 haec,
857 2845 887 2915 si
915 2845 979 2945 qui
1005 2842 1101 2917 forte
1129 2841 1190 2916 alii
1214 2841 1322 2916 huius
1347 2841 1436 2915 libri
1461 2845 1739 2946 inscriptionem
1763 2842 1890 2952 χρυσέη
1916 2835 1977 2925 βί-

393 2959 481 3048 βλος
501 2965 709 3071 expediant.
764 2967 940 3042 Historici
966 2970 1169 3070 argumenti
1195 2966 1304 3040 fuisse
1329 2965 1547 3069 intelligitur
1573 2994 1618 3043 ex
1641 2967 1727 3043 loco
1744 2970 1790 3041 ab
1808 2970 1973 3072 Etymol.

393 3123 433 3197 p.
460 3097 544 3184 160,
571 3100 617 3165 22
641 3090 773 3166 allato:
813 3092 1005 3199 Πατροκλῆς
1038 3090 1219 3199 (Προκλῆς)
1252 3086 1307 3164 καί
1338 3080 1513 3199 Τεμβρίων
1547 3088 1697 3165 ἀποικίαν
1722 3088 1909 3170 στείλαντες
1934 3099 1977 3170 εἷς

393 3209 524 3307 Σοίμον,
558 3211 637 3323 πρὸς
669 3202 743 3291 τοιδς
775 3215 972 3291 ἐνοικοῦντας
1005 3215 1114 3320 Κᾶρας
1147 3208 1306 3287 κοινωνίαν
1338 3208 1473 3301 θέμενοι
1503 3207 1634 3308 ᾤκησαν
1658 3211 1750 3323 παρὰ
1774 3211 1827 3290 τδν
1857 3210 1976 3304 Χησιον

394 3333 552 3429 ποταμίν,
581 3334 637 3411 καὶ
660 3341 703 3412 εἰς
729 3329 783 3407 δύο
812 3329 920 3432 φυλὰς
944 3330 1000 3422 την
1026 3328 1120 3407 πόλιν
1146 3329 1315 3425 δένειμαν.
1344 3328 1385 3406 οἷν
1410 3330 1468 3420 τὴν
1487 3332 1543 3426 μὲν
1562 3334 1684 3422 Χησίαν
1712 3332 1883 3426 ὠνίμασαν
1909 3337 1975 3414 cirri

394 3465 451 3538 τοῦ
475 3458 593 3550 Χησίου
620 3459 772 3548 ποταμοῦ
790 3451 1024 3568 παρακειμένου
1043 3459 1081 3555 τῇ
1103 3449 1206 3541 πίλει,
1233 3451 1289 3544 τὴν
1315 3450 1631 3548 δέἈστυπιίλαιαν,
1658 3454 1723 3533 cirri
1749 3462 1806 3535 τοῦ
1832 3466 1976 3537 παλαιοῦ

393 3591 498 3662 ἐκεῖσε
525 3577 612 3663 ἐντος
636 3578 769 3661 ἄστεος.
797 3575 879 3657 οὕτω
906 3574 1159 3690 Θεμισταγίρας
1182 3585 1212 3655 ἐν
1234 3611 1272 3679 τῃ
1298 3584 1410 3692 χρυσῇ
1435 3572 1567 3678 βίβλῳ.
1609 3586 1757 3688 Insigne
1773 3590 1862 3661 item
1880 3589 1974 3692 frag-

392 3729 558 3788 mentum
595 3712 749 3785 servavit
787 3711 946 3810 scriptor
985 3709 1316 3809 Epimerismorum
1358 3706 1457 3810 apud
1496 3707 1712 3784 Crumerum
1747 3711 1821 3784 An.
1857 3710 1976 3788 Ox.I

392 3864 432 3940 p.
446 3845 506 3923 80,
524 3845 582 3908 10.
612 3825 869 3939 Θεμισταγίρας
892 3825 926 3904 δὲ
952 3826 1007 3904 καὶ
1030 3833 1062 3904 ἐν
1087 3832 1126 3929 τῃ
1151 3831 1266 3939 χρυσῇ
1291 3820 1411 3924 βίβλῳ
1439 3827 1554 3930 φησίν·
1583 3837 1624 3906 Δί
1646 3827 1735 3907 κατδ
1760 3829 1815 3921 τὴν
1833 3828 1975 3922 Ἀλίπην

392 3956 448 4048 τη“ν
475 3959 526 4032 νῦν
556 3951 753 4047 καλουμένην
778 3950 909 4039 Λυδίαν,
936 3949 992 4043 τὴν
1018 3949 1100 4065 πρδς
1124 3983 1162 4052 τῃ
1184 3947 1332 4054 Ἐφέσῳ,
1357 3960 1510 4044 γυναῖκες
1535 3957 1597 4051 μιᾷ
1622 3947 1801 4056 συμβουλῇ
1826 3956 1870 4031 τδ
1896 3986 1973 4032 συν-

341 4145 351 4167 ,
391 4078 461 4171 ἤθη
492 4086 564 4160 ταῖς
592 4077 737 4180 γυναιξὶν
771 4077 853 4189 ἔργα
886 4070 1152 4188 ἆπαρνησοίμεναι
1183 4076 1238 4155 καί
1271 4072 1386 4172 ξείναις
1416 4072 1627 4189 χρησάμεναι
1653 4078 1708 4155 καί
1733 4084 1906 4168 ὁπλισμοῖς
1931 4078 1975 4156 τὰ

325 4282 326 4285 ,
392 4210 455 4282 τῶν
482 4202 601 4315 ἀνδρῶν
634 4196 745 4278 πάντα
769 4197 972 4290 ἐπετήδευον·
1003 4196 1081 4311 πρδς
1113 4197 1146 4274 δέ
1176 4195 1222 4276 τοὶ
1252 4199 1341 4276 ἄλλα
1367 4206 1453 4307 (leg.
1474 4210 1541 4282 τοῖς
1565 4195 1692 4305 ἄλλοις)
1720 4203 1774 4279 καί
1796 4197 1884 4297 ἤμων
1909 4203 1974 4281 σὺν

393 4335 506 4409 αι’νταῒς
531 4335 603 4407 ταῖς
629 4321 754 4420 ζοίναις,
781 4317 797 4400 ἐ
822 4330 910 4401 ἐστιν
936 4320 1100 4435 ἐθέριζον·
1127 4315 1180 4400 διδ
1204 4330 1299 4402 τοῦτο
1321 4324 1377 4403 καί
1393 4320 1577 4420 Ἀμαζίνας
1604 4328 1798 4415 κεκλῆσθαι
1825 4325 1885 4404 τὰς
1912 4325 1974 4403 συν

392 4461 464 4533 ταῖς
489 4447 603 4546 ζώναις
628 4446 777 4542 ἀμοίσας.
829 4450 1022 4527 Praeterea
1048 4478 1126 4525 non
1152 4455 1302 4527 memini
1329 4452 1644 4556 Themistagoram
1671 4479 1691 4527 a
1712 4476 1900 4554 quoquam
1928 4453 1974 4528 ad

363 4574 514 4684 'partes
543 4580 685 4662 vocari3
720 4603 790 4651 nec
823 4593 1150 4652 commemoratum
1182 4580 1329 4679 reperio
1357 4603 1377 4650 a
1400 4575 1542 4652 Guhlio
1575 4581 1613 4650 in
1639 4601 1792 4651 recensu
1818 4583 1971 4682 scripto·

394 4733 473 4779 rum
499 4702 802 4805 Ephesiacorum.
