4492 5686
1105 225 1130 297 4

329 500 494 589 pretatur
518 485 561 556 in
583 496 749 574 totum,
779 479 1069 583 generaliter3
1098 506 1175 556 non
1202 479 1325 555 attulit
1342 495 1465 554 tamen
1493 481 1659 583 exempla
1678 486 1754 557 eius
1772 481 1910 585 loquu-

329 611 472 683 tionis.¹
493 607 624 708 Itaque
649 609 680 678 ἒν
706 607 752 700 τῷ
778 605 1004 680 fortasse'ex
1029 603 1274 708 dittographia
1301 619 1437 679 ortum.
1624 612 1627 618 ⁴

469 730 508 803 Π
532 757 573 833 p.
590 735 638 802 44
652 756 686 804 c.
728 730 852 838 Μᾶτρις
877 731 892 800 ὁ
918 726 1095 815 Ἀθηναῖος
1125 717 1160 801 ἓν
1185 717 1268 810 ἐβίω
1299 722 1419 836 χρόνον
1446 721 1531 801 οὐδὲν
1562 729 1698 802 ἐσιτεῖτο
1722 717 1742 814 οἳ
1765 722 1913 836 μυρρίνης

331 849 451 944 ὀλίγον.
493 852 553 928 Ad
587 853 677 928 haec
709 851 954 929 conferendus
979 850 1212 927 Ptolemaeus
1245 850 1343 955 apud
1369 851 1546 927 Photium
1571 850 1671 926 Bibl.
1700 857 1847 954 petas,
1873 859 1908 925 1.

330 979 457 1085 Μᾶτρις
483 979 498 1048 ὃ
524 966 673 1063 Θηβαῖος
698 969 907 1085 ὑμνογροίφος
937 970 1095 1083 μυρσίνας
1125 976 1205 1084 παρ’
1239 966 1310 1048 ίλον
1335 968 1390 1048 τίν
1414 964 1490 1054 βίον
1518 978 1669 1050 ἐσιτεῖτο.
1717 976 1783 1049 ubi
1809 971 1910 1048 vides

331 1094 563 1176 Thebanum‘
579 1099 664 1191 dici,
694 1125 803 1201 quem
830 1100 1040 1175 Athenaeus
1066 1116 1172 1176 vocat
1197 1098 1475 1191 Atheniensem,
1506 1125 1666 1201 quorum
1683 1117 1808 1173 utrum
1832 1123 1911 1172 rec·

331 1230 402 1300 tius
429 1229 488 1315 sit,
522 1224 581 1300 vel
613 1227 771 1298 nominis
804 1224 921 1298 forma
952 1221 1101 1315 indicat,
1138 1249 1232 1325 quae
1263 1227 1293 1297 si
1318 1223 1446 1298 Matris
1471 1222 1635 1298 Athenas
1668 1227 1824 1327 patriam
1847 1219 1911 1294 ha-

332 1350 484 1440 buisset,
512 1349 634 1455 Μητρις
659 1373 736 1421 esse
755 1345 920 1439 deberet,
943 1351 1044 1421 cuius
1064 1346 1230 1449 exempla
1251 1346 1365 1421 habes
1385 1352 1423 1420 in
1437 1350 1557 1421 numis
1576 1348 1708 1423 Atticis
1730 1362 1767 1420 et
1786 1344 1911 1447 Smyr·

332 1476 432 1547 nacis
463 1469 560 1574 apud
592 1469 776 1545 Sestinum
793 1471 863 1544 III.
893 1498 931 1572 p.
955 1473 1028 1542 546
1055 1487 1092 1545 et
1117 1472 1350 1545 Mionnetum
1375 1470 1445 1543 ΙΠ.
1468 1479 1531 1544 20.
1566 1474 1630 1571 qui
1661 1469 1756 1544 male
1787 1468 1914 1570 legunt

332 1597 458 1703 Μητρος
485 1611 522 1668 et
546 1584 694 1701 Μίτριος.
733 1591 888 1667 Accedit
916 1591 1017 1695 quod
1043 1592 1170 1667 Matris
1195 1609 1322 1668 noster
1346 1593 1473 1697 hymni
1497 1599 1536 1666 in
1561 1594 1762 1668 Herculem
1788 1591 1915 1693 scripti

333 1735 462 1794 auctor
486 1718 702 1822 perhibetur
729 1719 776 1791 ab
803 1715 995 1791 Athenaeo
1022 1716 1061 1790 X
1087 1745 1125 1820 p.
1148 1719 1266 1790 4121).
1292 1735 1329 1792 et
1353 1715 1527 1791 Diodoro
1545 1715 1619 1791 Sic.
1636 1717 1668 1808 I,
1687 1722 1748 1791 24.
1793 1714 1913 1811 Quale

255 1913 264 1926 ,
334 1857 585 1947 argumentum
612 1845 695 1942 quis
720 1865 797 1916 non
817 1837 916 1915 videt
935 1843 974 1912 in
992 1839 1213 1914 Thebanum
1235 1845 1360 1942 potius
1379 1841 1568 1916 hominem
1593 1839 1722 1916 cadere
1743 1866 1855 1943 quam
1874 1844 1914 1912 iu

333 1964 622 2040 Atheniensem?
656 1963 736 2039 Csr.
759 1963 913 2038 Babrius
933 1963 1008 2037 fab.
1031 1967 1088 2036 15.
1119 1963 1294 2040 Ceterum
1315 1964 1478 2039 eiusdem
1498 1967 1631 2038 erroris
1650 1963 1818 2066 exempla
1836 1960 1913 2036 edi-

333 2092 477 2166 toribus
493 2101 580 2163 'non
607 2086 853 2162 animadversa
868 2086 1045 2163 habemus
1066 2086 1163 2191 apud
1179 2088 1308 2164 Schol.
1332 2086 1483 2162 Pindari
1506 2086 1658 2190 Olymp.
1674 2088 1725 2179 II,
1744 2094 1791 2159 48
1820 2097 1913 2158 Παλ-

334 2208 397 2291 λίς
411 2210 540 2299 Ἀθηνᾶ
556 2214 575 2298 ἡ
594 2212 776 2303 πολιοῦχος
795 2211 858 2284 τῶν
871 2207 1068 2304 Ἀθηναίων,
1091 2229 1126 2286 et
1148 2210 1275 2286 Schol.
1299 2211 1488 2314 Aristoph.
1513 2210 1676 2285 Acheru.
1700 2215 1773 2284 862
1792 2200 1913 2283 ἔσται’·

336 2334 430 2427 δοξον
456 2332 523 2444 ’γὰρ
550 2341 578 2408 οἱ
595 2333 766 2422 Ἀθηναῖοι
794 2331 864 2441 περί
889 2328 943 2407 τὸν
970 2327 1077 2409 αὐλίν.

475 2459 532 2532 ΙΙΙ
551 2487 589 2561 p.
607 2461 654 2532 87
669 2486 702 2532 a.
750 2450 978 2566 Αρισταίνυμος
990 2465 1099 2546 Θησεῖ
1118 2453 1271 2552 ,κόγχος
1294 2452 1329 2546 ἦν
1348 2450 1494 2540 βαπτῶν
1512 2461 1632 2532 ἁλῶνίί.
1671 2453 1785 2548 ὁμοίως
1803 2484 1909 2564 παρα-

337 2577 537 2668 τλητίωςιί
566 2577 668 2688 εἴρηκε
695 2578 751 2654 καί
784 2573 956 2688 Φρύνιχος.
1005 2582 1175 2656 Porsono
1207 2579 1321 2671 ὁμοίως
1354 2588 1577 2684 expungenti
1609 2585 1836 2685 obsequutus
1862 2596 1916 2654 est

335 2704 572 2797 Dindorfius;
600 2703 833 2780 scribendum
859 2708 983 2806 potius
1009 2699 1122 2793 ὁμοίως
1142 2699 1197 2777 καί
1215 2700 1454 2813 παραπλησίως
1473 2700 1505 2777 d'
1524 2700 1639 2813 εἴρηκε,
1670 2731 1764 2808 quae
1781 2707 1914 2808 passim

337 2835 620 2931 coniunguntur.
645 2827 691 2901 V.
709 2826 890 2902 Lobechii
907 2825 1067 2930 Paralip.
1091 2855 1130 2929 p.
1149 2831 1197 2899 62
1219 2844 1298 2902 not.
1316 2831 1379 2901 69.
1409 2825 1516 2903 Adde
1529 2827 1703 2903 Photium
1717 2856 1756 2930 p.
1779 2832 1912 2918 195,1.

337 2944 392 3040 την
411 2948 507 3039 αὐτὴν
530 2949 584 3026 καί
603 2946 835 3059 παραπλησίαν
856 2942 1002 3023 Adustae.
1044 2949 1238 3024 Consimili
1263 2955 1405 3025 ratione
1431 2948 1483 3025 ἐπί
1507 2954 1546 3048 τῇ
1567 2948 1621 3049 ἴση
1640 2948 1694 3026 καί
1711 2947 1806 3044 ὁμοίᾳ
1826 2976 1916 3024 con·

337 3082 455 3153 iunxit
481 3074 652 3179 Thucyd.
682 3076 714 3166 I,
739 3077 785 3148 27
813 3092 850 3149 et
875 3073 1001 3165 V,·79.
1045 3073 1155 3148 Teles
1183 3074 1335 3150 Stobaei
1360 3074 1444 3167 XL,
1463 3084 1499 3149 8.
1529 3077 1603 3150 alii.

477 3201 534 3272 Ill
559 3226 598 3299 p.
618 3203 659 3269 91
679 3196 716 3270 d.
746 3197 956 3272 Demetrius
969 3196 1152 3300 Scepsius:
1173 3189 1313 3271 Λάκωνα
1329 3227 1402 3271 τινα
1422 3195 1594 3285 κληθέντα
1604 3197 1656 3273 eri
1668 3195 1789 3284 θοίνην.
1816 3194 1914 3274 Cod.

338 3323 384 3396 A.
409 3319 535 3392 θοίναν.
566 3319 697 3420 Itaque
715 3318 830 3392 θοῖναν
851 3319 1098 3412 scribendum,
1129 3348 1200 3422 qua
1222 3319 1268 3393 de
1289 3321 1406 3394 forma
1427 3321 1566 3395 dietum
1584 3322 1745 3424 Specim.
1762 3322 1781 3393 Ι
1801 3328 1915 3421 p.28.

338 3443 446 3521 Adde
460 3442 698 3546 Hesychium,
719 3441 917 3552 Βορεασμοίι
940 3436 1118 3533 Ἀθήνησιν
1134 3448 1162 3516 οί
1172 3437 1308 3531 ἄγοντες
1319 3441 1422 3548 Βορέᾳ
1434 3439 1545 3552 ἑορτὰς
1559 3442 1614 3517 καί
1625 3442 1740 3517 θοίναν
1758 3440 1918 3542 (θοῖναν).

338 3572 394 3645 Ex
421 3566 552 3644 eodem
579 3594 711 3669 genere
739 3586 793 3642 est
817 3575 939 3677 τρῖγλα
964 3597 1034 3671 pro
1061 3574 1172 3643 attico
1190 3564 1318 3677 τρίγλη,
1344 3567 1608 3643 restituendum
1629 3566 1721 3642 illud
1740 3595 1784 3641 ex
1804 3565 1915 3641 codd.
1953 3586 1965 3607 ·

339 3693 575 3769 Archestrato
596 3690 707 3795 apud.
730 3691 867 3766 Athen.
897 3721 936 3795 p.
960 3701 1033 3765 320
1053 3718 1086 3764 a.
1110 3709 1146 3766 et
1165 3689 1274 3785 κίχλα
1294 3692 1429 3768 Babrio
1451 3694 1525 3765 fab.
1551 3695 1612 3785 72,
1639 3697 1696 3784 19,
1730 3687 1828 3765 Αἴτνα
1847 3717 1918 3793 pro

339 3813 432 3901 λίτνη
466 3815 562 3918 apud
591 3815 784 3892 Constant.
834 3815 1418 3920 P01·ph.Them.11p.ss,1s.
1469 3810 1577 3924 Βὲργα
1604 3842 1675 3919 pro
1692 3810 1796 3925 Βίργη
1819 3811 1917 3916 apud

342 3938 539 4040 Scymnum
552 3937 637 4012 Per.
655 3944 759 4032 664,
783 3935 905 4049 πτέρνα
925 3966 995 4042 pro
1012 3933 1128 4046 ττίρνη
1145 3938 1241 4041 apud
1255 3939 1430 4015 Photium
1449 3968 1489 4043 p.
1507 3943 1596 4031 469,
1619 3949 1681 4014 23.
1697 3940 1805 4046 τρῦτο
1819 3945 1919 4032 (non

343 4053 467 4168 τρίτα)
492 4085 561 4161 pro
588 4055 691 4165 τρίτη
719 4066 815 4164 apud
843 4062 1010 4137 Eustath.
1047 4061 1090 4135 ad
1119 4062 1231 4136 Hom.
1259 4091 1299 4166 p.
1327 4069 1437 4156 1069,
1461 4073 1535 4159 22.
1562 4063 1642 4139 Nec
1668 4058 1793 4170 μαρίλα
1817 4076 1918 4135 recte

342 4188 517 4286 scriptum
550 4186 588 4254 iu
614 4182 804 4258 Thesauro
830 4183 997 4260 Parisino
1028 4212 1098 4288 pro
1128 4191 1264 4293 μαρῑλα.
1313 4186 1528 4290 Sequuntur
1559 4185 1657 4290 apud
1688 4186 1918 4261 Athenaeum

340 4311 498 4383 Laconis
531 4308 661 4384 verba:
700 4295 726 4377 d
756 4298 900 4405 φοίγημα
933 4301 1061 4416 μιαρίν,
1095 4301 1168 4382 οὔτε
1200 4306 1243 4397 μη
1279 4312 1329 4383 νῦν
1357 4338 1398 4385 σε
1428 4307 1519 4408 ἆφὲοι
1550 4305 1819 4404 μαλθακισθειὲ,
1849 4302 1917 4379 οὔτ’

342 4423 443 4506 αὖθις
468 4428 515 4502 ’ἔτι
538 4421 691 4523 λάβοιμι.
718 4432 783 4504 ubi
807 4428 1023 4506 Dindorfius
1049 4434 1126 4529 ἀφῶ
1154 4451 1215 4508 aut
1240 4427 1361 4531 (ἔφη’τω
1394 4441 1567 4538 requirit3
1602 4452 1637 4511 at
1667 4429 1757 4531 ἀφέω
1792 4460 1812 4506 a
1844 4457 1918 4506 ser·

271 4650 285 4660 .
342 4581 451 4629 usone
474 4553 850 4629 Lacedaemoniorum
875 4581 952 4628 non
975 4556 1134 4631 alienum
1159 4583 1236 4630 esse
1263 4555 1410 4646 aliunde
1437 4578 1591 4636 constat.
1634 4560 1731 4635 Tum
1757 4558 1921 4633 scriben-

344 4681 430 4754 dum
458 4673 526 4752 οὔτ’
553 4667 593 4750 νίν
619 4669 738 4767 αὖθις,
770 4681 844 4751 sive
871 4679 974 4752 malis
1000 4670 1090 4755 αὖτις
1109 4707 1190 4754 cum
1219 4677 1303 4753 cod.
1334 4680 1381 4754 A.
