4492 5686
1095 234 1143 306 42

328 481 363 578 {lv
394 485 461 598 γάρ
493 481 612 565 πάντες
641 480 757 586 ᾔδεσαν
791 489 893 575 κοινῆς
925 479 1067 575 δαπάνης
1100 484 1201 573 κοινὴν
1232 493 1298 566 τοῖς
1322 478 1532 580 βουλομένοις
1557 489 1757 581 «γιγνομένην,
1788 485 1907 580 ταύτης

329 608 505 709 ἐτόλμησεν
531 618 546 689 ὅ
574 610 668 715 φίλος
693 609 774 690 siva(
793 643 854 691 σου
882 609 1023 715 φάσκων
1049 609 1126 724 ἱερόν
1154 612 1208 690 καί
1233 609 1361 706 τέμενος
1386 608 1603 726 ἱδρύσασθαι.
1655 619 1776 695 Verba
1803 611 1908 707 κοινός

330 736 472 830 δαπάνης
500 743 738 819 Casanbonns
766 743 881 819 deleri
906 743 1070 837 volebat3
1101 771 1178 819 non
1205 742 1332 819 docuit
1357 760 1480 819 tamen
1505 743 1604 820 unde
1630 745 1729 820 illata
1756 746 1904 821 inerint.

329 869 575 946 Scribcndum
601 875 723 974 potius
751 866 860 959 ὀλίγης
886 863 1039 957 δαπάνης.
1077 870 1260 946 Nimirum
1280 874 1459 947 aberravit
1484 872 1653 946 librarius
1679 871 1724 946 ad
1752 896 1908 975 sequens

331 991 443 1084 κοινήν,
470 1003 534 1100 qui
560 999 732 1100 frequens
759 1023 924 1071 errorum
950 997 1033 1071 fons
1061 1013 1128 1071 est.

470 1126 563 1198 ΧΠΙ
580 1153 619 1227 p.
634 1129 705 1198 595
721 1124 749 1197 f.
787 1120 842 1196 καί
873 1125 929 1210 τῆς
959 1117 1014 1213 μὲν
1041 1118 1239 1210 Πυθιονίκης
1273 1125 1316 1200 ὥς
1344 1120 1540 1211 τεθνηκυίας
1571 1119 1728 1216 μέμνηται
1759 1126 1907 1227 (Agenis

330 1255 484 1351 auctor),
521 1253 577 1337 τῆς
608 1246 640 1323 δὲ
664 1243 829 1358 Γλυκέρας
856 1253 897 1326 ὡς
925 1240 1021 1335 οὔσης
1046 1252 1128 1358 παρ’
1154 1250 1243 1344 αὐτῷ
1268 1247 1323 1324 καί
1346 1255 1412 1329 τοῖς
1432 1248 1618 1338 Ἀθηναίοις
1644 1246 1748 1327 αἰτίας
1775 1245 1906 1342 γενομὲ·

330 1408 381 1464 νης
407 1379 462 1451 τοῦ
489 1371 608 1487 δωρεάς
632 1367 818 1467 λαμβάνειν
846 1378 925 1484 παρ’
950 1369 1127 1484 Ἁρπάλου,
1150 1370 1258 1466 λέγων
1287 1372 1363 1451 aide·

627 1495 742 1578 ’Ἔστιν
770 1500 802 1576 δ’
830 1495 908 1577 όπου
935 1497 991 1594 μὲν
1017 1505 1031 1576 ὃ
1060 1494 1211 1592 κάλαμος
1240 1498 1374 1603 πέφυχ’
1400 1496 1451 1579 ite

635 1624 765 1729 φότυμ’
793 1621 916 1739 άορνον·
943 1630 1002 1731 οὑξ
1027 1630 1200 1739 ἀριστερᾶς
1226 1625 1257 1703 δ
1286 1621 1337 1704 όδε

635 1750 748 1866 πόρνης
774 1760 789 1830 ὃ
818 1751 938 1834 κλεινός
963 1746 1046 1839 ναός,
1071 1744 1104 1830 δν
1131 1751 1166 1844 δη
1192 1752 1355 1844 Παλλίδης

634 1876 754 1985 τεύξας
779 1877 928 1972 κατέγνω
955 1877 1008 1956 δά
1033 1877 1069 1956 τό
1096 1886 1228 1992 πρᾶγμ’
1255 1886 1356 1959 αὐτοῦ
1384 1877 1491 1983 φυγήν
1519 1914 1551 1958 κ.
1565 1914 1595 1959 τ.
1608 1896 1641 1957 λ.

329 2011 485 2088 Scenam
523 2014 632 2114 igitur
667 2010 850 2103 dramatis,
885 2014 986 2086 cuins
1021 2036 1041 2085 e
1075 2010 1234 2113 prologo
1265 2010 1306 2085 hi
1331 2039 1455 2088 versus
1480 2016 1586 2115 petiti
1616 2028 1714 2104 sunt,
1749 2011 1908 2117 Babylo·

328 2166 414 2213 nem
447 2155 557 2241 poeta
591 2138 787 2230 transtulit,
825 2136 926 2240 quod
961 2164 981 2212 e
1012 2141 1122 2212 tertio
1152 2163 1259 2214 versu
1291 2137 1461 2230 efficitur,
1498 2141 1563 2213 ubi
1595 2144 1659 2241 qui
1687 2156 1910 2214 memoratur

331 2262 402 2343 ναός
423 2257 537 2374 πόρνης
564 2263 608 2338 de
626 2263 833 2368 Babylonio
854 2263 1090 2369 Pythionices
1117 2282 1356 2339 monumento
1384 2265 1641 2367 intelligendus
1669 2282 1735 2340 est.
1783 2265 1909 2340 Theo·

328 2418 506 2494 pompus:
543 2384 718 2480 ἐτόλμησεν
745 2392 957 2492 (Harpalus)
987 2385 1064 2498 ἱερόν
1097 2387 1152 2464 καί
1177 2385 1304 2481 τέμενος
1330 2386 1536 2500 ἱδρύσασθαι
1563 2389 1618 2465 καί
1642 2394 1910 2502 προσαγορεῦσαι

329 2512 383 2591 τόν
419 2512 489 2589 ναόν
523 2516 578 2590 καί
609 2511 662 2589 τόν
692 2506 809 2606 βωμόν
835 2513 1032 2601 Πυθιονίκης
1054 2511 1251 2622 ’Δφροδίτης
1303 2517 1347 2589 In
1382 2516 1507 2591 dextra
1534 2544 1662 2593 scenae
1687 2536 1792 2621 perte
1820 2517 1908 2622 quid

329 2659 641 2746 repraesentatum
675 2642 796 2733 suerit,
832 2645 1011 2717 incertum
1044 2658 1099 2719 est
1128 2658 1283 2743 propter
1309 2658 1525 2744 corruptum
1551 2641 1643 2716 illud
1670 2640 1824 2741 ἕφέτυμα
1850 2646 1910 2722 vel

330 2763 484 2868 φίτυμα,
519 2772 558 2843 in
586 2795 662 2871 quo
687 2768 887 2871 aliquando
914 2761 1058 2876 τέτραφ’
1086 2758 1193 2878 άορνον
1219 2768 1333 2843 latere
1358 2770 1581 2872 suspicabar,
1614 2796 1756 2845 memor
1781 2797 1910 2846 eorum

328 2924 424 3001 quae
441 2923 563 2972 rernm
581 2895 780 2971 Alexandri
798 2898 995 2998 scriptores
1020 2892 1068 2969 de
1093 2911 1197 2998 petra
1224 2921 1339 2973 aorno
1372 2900 1569 2971 memoriae
1596 2894 1791 2971 tradidere.
1835 2896 1909 2973 Sed

329 3027 451 3100 obstat
476 3026 561 3100 huic
588 3026 757 3127 opinioni
781 3038 927 3126 praeter
945 3021 1021 3096 alia
1047 3021 1233 3097 arundinis
1258 3027 1298 3100 in
1322 3026 1443 3127 primo
1461 3050 1569 3101 versu
1592 3029 1907 3121 commemoratio,

330 3180 404 3255 qna
435 3150 586 3226 indicari
620 3149 764 3226 videtur
796 3149 934 3225 lacum.
947 3153 1072 3251 potins
1104 3148 1289 3251 quendam
1316 3178 1469 3227 aornum
1496 3152 1556 3228 hic
1582 3170 1910 3232 commemoratum

329 3279 453 3352 fuisse.
508 3274 667 3352 Videant
698 3278 807 3376 igitur
836 3278 1028 3349 acutiores.
1083 3274 1232 3351 Nomen
1257 3274 1433 3368 Παλλίδης,
1470 3302 1545 3377 qno
1571 3281 1774 3382 Harpalum
1800 3283 1908 3379 signi·

328 3403 433 3477 ficari
463 3400 599 3476 diserto
626 3401 808 3476 Athenaei
832 3399 970 3475 indicio
996 3417 1150 3494 constat,
1185 3400 1230 3475 ad
1265 3400 1453 3504 quodnam
1483 3419 1634 3506 etymon
1663 3403 1910 3479 revocandum

328 3533 387 3618 sit,
412 3529 471 3604 vel
500 3556 575 3632 qno
601 3532 767 3604 acumine
793 3545 904 3631 poeta
930 3528 1093 3630 Harpalo
1120 3533 1337 3633 imposuerit
1362 3527 1528 3604 nondum
1554 3534 1759 3632 quaesitum
1783 3530 1906 3607 video.

330 3657 551 3761 Suspicabar
583 3657 672 3730 olim
704 3682 748 3730 ex
779 3649 943 3741 Φαλλίδης
962 3673 1183 3758 cor-mptum
1209 3683 1301 3749 esse,
1337 3682 1412 3759 quo
1439 3654 1610 3732 libidines
1642 3656 1801 3732 hominis
1832 3685 1911 3734 non

329 3787 425 3861 male
443 3783 703 3860 indicarentur.
746 3780 840 3858 Vide
858 3780 995 3857 dehoc
1012 3785 1203 3858 nominum
1221 3809 1354 3884 genere
1371 3783 1538 3860 Lobeclr.
1560 3783 1605 3859 ad
1625 3783 1744 3888 Sopb.
1762 3785 1823 3860 Αἰ.
1836 3793 1908 3858 880

332 3926 369 3983 et
395 3938 488 4011 qnae
515 3917 594 4012 ipse
621 3911 726 3986 attuli
752 3908 862 3986 Com.
892 3934 1010 4012 graec.
1040 3908 1164 3986 rolli
1180 3935 1220 4011 p.
1235 3917 1296 3984 22.
1340 3975 1344 3983 .

472 4036 550 4109 XII
567 4041 689 4136 p.596
705 4036 742 4110 d.
782 4035 1019 4140 Posidippus:
1054 4037 1224 4133 Σαπφῷαι
1250 4031 1281 4110 δ
1306 4030 1437 4126 μόνουσι
1464 4034 1559 4136 φίλης
1587 4028 1635 4110 ’ἔτι
1667 4034 1722 4109 καί
1747 4029 1909 4125 μενέουσιν

331 4157 412 4256 ᾠδῆς
437 4165 473 4233 αἱ
489 4157 604 4233 λευκαί
624 4154 859 4258 φθεγγόμεναι
879 4159 1012 4240 σελίδα.
1045 4163 1089 4237 In
1106 4162 1162 4237 his
1179 4156 1300 4240 λευκάς
1315 4159 1446 4241 σελίδας
1462 4164 1654 4239 Jacobsius
1672 4162 1717 4237 ad
1736 4161 1911 4239 Brunclrii

330 4290 440 4364 Anal.
464 4289 515 4380 H,
537 4297 569 4361 1.
597 4315 636 4390 p.
655 4290 738 4360 157.
775 4287 949 4364 chartas
980 4290 1185 4364 illustres
1217 4293 1490 4393 interpretatur.
1544 4288 1686 4365 Vereor
1719 4308 1761 4364 ut
1791 4307 1905 4381 recte,

332 4428 374 4488 ac
409 4413 641 4490 scribendum
678 4430 771 4517 puto
808 4419 843 4486 ai
865 4410 970 4490 λευκά
1003 4408 1240 4514 φθεγγόμεναι
1273 4412 1409 4500 σιλίδες.
1444 4418 1561 4492 clara
1597 4433 1640 4491 et
1670 4420 1909 4519 perspicua

330 4565 444 4616 soce
469 4540 719 4642 loquentes.
774 4541 821 4616 V.
851 4542 1060 4619 Casanbon.
1090 4541 1135 4617 ad
1162 4542 1300 4617 Athen.
1320 4543 1377 4616 IX
1394 4551 1516 4644 pest
1532 4570 1565 4616 a.

472 4665 566 4739 XIII
582 4694 621 4768 p.
636 4670 708 4739 596
723 4667 750 4740 s.
781 4670 823 4744 ιός
848 4674 877 4739 οἱ
901 4664 943 4742 τά
958 4664 1137 4777 Ἀργολικὰ
1155 4661 1351 4778 ’γράψαντες
1370 4670 1543 4777 ἱστοροῦσι.
1581 4667 1776 4744 Consimili
1795 4669 1908 4747 modo

332 4791 461 4869 Schol.
491 4792 585 4870 Ven.
613 4793 768 4869 Homeri
793 4794 839 4870 Il.
858 4789 906 4886 dt.
930 4802 1012 4874 142.
1040 4799 1058 4885 ἡ
1084 4790 1211 4906 ἱστορία
1237 4790 1328 4906 παρά
1352 4799 1419 4874 τοῖς
1438 4797 1641 4904 Ἀργολικοῖς
1663 4797 1907 4906 συγγραφεῦσι.
