4492 5686
1207 250 1256 323 tt

1113 365 1349 394 mmm

439 512 621 614 glyconici
656 513 762 584 metri
794 536 877 584 cum
911 505 1128 610 logaoedico
1162 535 1268 584 versu
1303 512 1491 585 coniuncti
1523 514 1684 614 vestigia,
1721 530 1762 588 ut
1793 517 1853 586 vix
1879 511 2024 588 dubites

442 639 532 736 quin
558 632 793 709 scribendum
820 639 882 710 sit:

847 755 1041 832 Mulsum
1069 755 1192 859 quod
1219 758 1362 859 probe
1390 773 1616 860 temperes

848 880 1128 956 Miscendum
1153 907 1270 956 novo
1297 882 1526 985 Hymettio

847 1007 904 1080 Et
929 1005 1081 1080 vetulo
1107 1005 1315 1080 Falerno.

441 1133 676 1235 Quamquam
702 1136 738 1205 in
766 1135 887 1234 primo
914 1156 1021 1206 versu
1047 1129 1187 1233 aliquid
1214 1133 1292 1206 vitii
1318 1130 1487 1205 relictum
1514 1148 1580 1206 est.
1626 1132 1799 1235 Denique
1826 1130 2024 1209 admonere

439 1258 564 1332 licebit
584 1258 795 1346 verborum,
821 1256 955 1357 quibus
972 1271 1064 1329 teste
1082 1254 1193 1329 Festo
1211 1258 1347 1329 retiarii
1365 1255 1606 1330 mirmillones
1627 1255 1824 1332 ludebant:
1851 1256 2023 1332 Piscem

439 1398 566 1485 peto,
596 1407 684 1454 non
709 1396 751 1455 te
777 1395 907 1481 pet03
937 1376 1041 1479 quid
1070 1405 1133 1453 me
1160 1377 1282 1479 fugis
1310 1377 1469 1453 Galle?
1497 1377 1602 1474 Quae
1627 1378 1789 1455 Sotadeo
1809 1406 1917 1456 versu
1936 1386 2023 1456 scri·

438 1522 501 1610 pta
535 1530 612 1578 esse
646 1503 738 1605 sugit
764 1500 1003 1578 Welckerum
1030 1498 1122 1605 Syll.
1156 1504 1271 1602 epigr.
1308 1530 1348 1605 p.
1374 1505 1419 1575 59
1446 1519 1483 1576 et
1510 1501 1613 1577 Guil.
1642 1503 1866 1580 Corssenum
1894 1503 2021 1608 Origg.

438 1629 548 1705 Poes.
577 1627 689 1702 Rom.
718 1654 758 1729 p.
785 1630 869 1700 135.

579 1751 654 1825 XII
669 1778 708 1853 p.
726 1754 799 1822 528
815 1776 847 1824 c.
902 1743 1114 1834 Κτησίας...
1137 1745 1193 1821 καὶ
1217 1742 1345 1827 πάντας
1365 1744 1421 1841 μίν
1441 1770 1523 1848 φησι
1542 1740 1816 1830 βασιλεύσαντας
1836 1753 1894 1840 τῆς
1909 1749 2024 1829 Ἀσίας

440 1874 510 1984 περὶ
539 1868 662 1984 τρυφὴν
697 1863 903 1954 σπουδάσαι,
935 1863 1085 1964 μάλιστα
1119 1866 1151 1943 δὲ
1176 1864 1290 1944 Νινύαν
1317 1868 1370 1946 τδν
1396 1870 1488 1948 Νίνου
1515 1871 1569 1948 καί
1592 1868 1807 1984 Σεμιράμιδος
1831 1869 1905 1950 viiiv.
1956 1876 2023 1950 Ni·

440 2027 531 2106 nyae
554 1998 747 2073 mollitiem
767 2000 884 2097 attigit
902 1999 1010 2069 etiam
1027 1993 1190 2069 Diodor.
1211 1994 1286 2071 Sic.
1303 1997 1352 2087 II,
1373 2006 1432 2071 21.
1450 2017 1674 2074 venustatem
1688 2001 1765 2074 Dio
1781 1999 1914 2105 Chrys.
1929 2000 2024 2074 XXI

437 2153 476 2229 p.
503 2127 589 2197 509.
620 2120 888 2225 pulcherrimos
922 2120 1162 2193 harbarorum
1188 2145 1380 2195 recensens
1407 2116 1596 2230 Σέσωστριν
1623 2118 1675 2196 τὸν
1701 2117 1889 2210 Αἰγύπτιον,
1916 2113 1933 2212 ἢ
1958 2119 2022 2198 Μί-

438 2278 537 2340 μνονα
562 2241 615 2321 τδν
641 2240 800 2327 Αἰθίοπα,
825 2232 845 2330 ἢ
870 2235 984 2317 Νινύαν
1011 2231 1030 2329 ἦ
1056 2235 1244 2351 Εὐρύπυλον
1254 2246 1283 2343 *)
1310 2233 1329 2330 ἢ
1352 2238 1497 2318 Πέλοπα.
1536 2245 1592 2320 Ita
1615 2250 1713 2319 enim
1733 2262 1831 2321 recte
1854 2246 2023 2322 Reishiua

439 2370 646 2448 emendarit
669 2368 808 2443 editum
835 2360 969 2441 Μινύαν.
1010 2368 1054 2441 In
1076 2371 1119 2441 iis
1142 2392 1235 2469 quae
1259 2395 1300 2470 p.
1322 2372 1410 2440 529.
1426 2396 1459 2441 a.
1482 2366 1528 2442 de
1552 2367 1816 2473 Sardanapallo
1836 2369 2020 2472 leguntur,

437 2521 507 2600 pro
536 2485 914 2600 κατακεκισσηρισμίνον
941 2489 1175 2566 scribendum
1195 2486 1558 2598 κατακεκισηρισμένον.
1597 2493 1641 2565 In
1662 2496 1899 2595 sequentibus
1919 2521 2022 2602 προσ·

439 2614 500 2692 εῖδε
525 2613 578 2691 τὸν
600 2605 769 2723 Ἀρβάκην
796 2609 840 2687 τά
864 2609 968 2687 λευκά
993 2604 1219 2690 ἐπαναβαλὼν
1246 2618 1312 2689 τοῖς
1339 2612 1543 2710 ὀφθαλμοῖς,
1577 2614 1748 2690 Potterus
1767 2616 1812 2690 ad
1836 2616 2020 2694 Clement.

438 2743 543 2816 Alex.
565 2738 679 2815 Paed.
701 2738 758 2810 III
777 2764 816 2840 p.
837 2741 909 2810 294
930 2741 1078 2838 corrigit
1104 2737 1167 2810 τῶν
1194 2729 1406 2834 &phetusim
1435 2736 1569 2811 sufficit
1586 2742 1650 2810 τοῖν
1671 2737 1874 2835 ὀφθαλμοῖν.
1904 2741 2021 2814 Albu-

438 2871 558 2968 ginem
592 2863 786 2938 oculorum
813 2888 956 2934 sursum
982 2859 1137 2952 tollere,
1175 2875 1355 2934 extremae
1382 2860 1549 2936 lasciviae
1576 2878 1614 2936 et
1646 2862 1815 2936 mollitiei
1845 2861 2022 2938 indicium

438 2992 647 3094 putabatur.
702 2987 747 3061 In
775 2984 929 3060 eandem
956 2991 1172 3059 sententiam
1202 3001 1301 3059 recte
1336 2984 1385 3057 H.
1414 2984 1541 3058 Iacchi
1572 2989 1833 3087 interpretatur
1859 2986 2023 3063 Alexidis

437 3116 549 3190 verba
574 3118 613 3186 in
633 3112 743 3187 Com.
766 3137 820 3212 gr.
843 3108 900 3182 III
924 3136 963 3210 p.
983 3112 1069 3181 486.
1099 3099 1338 3199 βαυκιζόμενον
1365 3103 1409 3181 τά
1437 3101 1542 3181 λευκά
1570 3111 1595 3181 τ’
1620 3099 1856 3189 ἀναβάλλονθ’
1874 3100 1956 3201 άμα,
1976 3110 2022 3186 de

440 3264 515 3339 quo
536 3235 710 3308 admonui
730 3237 767 3306 in
786 3229 978 3305 Addendis
999 3231 1074 3304 vol.
1094 3231 1178 3332 Vp.
1197 3235 1257 3303 91.
1288 3229 1396 3304 Adde
1421 3232 1538 3305 Dion.
1563 3232 1692 3335 Chrys.
1714 3232 1885 3308 XXXIII
1911 3262 1950 3338 p.
1975 3239 2021 3308 26

439 3365 477 3435 in
504 3356 749 3460 descriptione
776 3350 937 3428 cinaedi:
973 3345 1010 3424 τδ
1037 3348 1081 3425 τά
1107 3344 1242 3445 ὄμματα
1267 3345 1491 3459 ἀναστρέφειν,
1517 3346 1553 3424 τδ
1580 3349 1737 3440 ἐγκλίνειν
1762 3352 1815 3428 τδν
1842 3349 2022 3464 τράχηλον,

439 3479 475 3557 τδ
500 3487 573 3559 ταῖς
597 3475 714 3589 χερσίν
739 3474 868 3554 ὑπτίαις
894 3470 1124 3565 διαλέγεσθαι.

579 3605 654 3679 XII
676 3633 715 3709 p.
735 3605 860 3678 5461).
891 3597 951 3673 καί
973 3591 1038 3673 πού
1065 3628 1113 3675 τις
1139 3596 1194 3672 καί
1219 3596 1349 3688 ποιητὴς
1375 3593 1575 3702 ἐφθέγξατο
1602 3596 1848 3690 ,Δικαιοσύνας
1872 3599 1909 3678 τδ
1934 3599 2022 3714 ypsi·

440 3759 512 3807 σειν
537 3725 751 3840 πρίσωπον.”
794 3727 943 3799 Incerto
975 3740 1108 3827 poetae
1139 3724 1254 3828 lyrico
1288 3725 1379 3845 haec
1406 3729 1631 3826 assignarunt
1662 3731 1791 3802 critici.
1836 3729 2023 3832 Euripidis

440 3881 516 3930 esse
543 3856 652 3929 verba
680 3879 724 3926 ex
749 3849 962 3951 Melanippa
991 3847 1101 3922 docet
1121 3846 1248 3923 Schol.
1271 3848 1408 3948 ΡΝ)
1425 3847 1469 3922 ad
1485 3853 1640 3925 Aristot.
1656 3850 1744 3925 Eth.
1760 3852 1964 3944 Nicom.V,
1985 3863 2018 3927 l:

438 3980 533 4052 τοῦτο
552 3979 590 4048 ἐκ
611 3979 666 4061 τῆς
679 3970 847 4082 Εὐριπίδου
869 3965 974 4070 σοφῆο
992 3967 1217 4058 Μελανίππης.
1236 3964 1325 4058 λέγει
1344 3966 1410 4080 γάρ
1432 3975 1463 4044 ἓν
1488 3973 1570 4069 αὐτῇ
1595 3966 1831 4061 δικαιοσύνη
1855 3969 1899 4049 τδ
1923 3969 2020 4084 χρύ·

439 4127 532 4175 σεον
562 4091 790 4207 πρίσυπον.
844 4095 957 4191 Quod
984 4096 1155 4170 scholion
1181 4099 1220 4168 in
1248 4094 1321 4170 alio
1347 4094 1432 4170 cod.
1462 4101 1510 4171 ita
1536 4101 1711 4199 scriptum
1738 4114 1812 4172 est:
1840 4099 1935 4173 τοῦτο
1956 4103 2020 4174 Εὐ·

439 4219 560 4334 ριπίδου
587 4224 642 4309 τῆς
669 4221 775 4316 σοφῆς
797 4215 1023 4306 Μελανίππης.
1045 4214 1134 4308 λέγει
1158 4213 1224 4327 γάρ
1253 4220 1284 4290 ἓν
1310 4210 1391 4317 αὐτῇ
1417 4212 1677 4307 δικαιοσύνης
1701 4217 1897 4311 τηλαυγὲς
1921 4252 2018 4332 χρυ-

493 4517 528 4592 *)
564 4514 749 4596 Eurypylum
772 4512 875 4574 dubito
898 4523 997 4572 utrum
1019 4511 1096 4573 dicat
1109 4513 1254 4596 Libycum
1270 4514 1364 4591 illum,
1379 4514 1513 4596 Neptuni
1527 4515 1630 4588 filiurn,
1652 4535 1688 4573 an
1702 4513 1832 4596 Mysiam
1847 4517 1930 4577 cuius
1952 4518 2020 4599 pul-

438 4617 616 4680 critudinem
638 4615 761 4673 miratur
783 4614 897 4675 Helena
917 4614 993 4695 apud
1016 4612 1123 4687 Quint.
1141 4615 1202 4674 Sm.
1219 4615 1274 4690 IV,
1289 4614 1340 4674 56.

480 4737 535 4813 fl)
569 4734 606 4793 V.
626 4732 777 4793 Osannum
800 4733 830 4792 in
846 4732 957 4793 Wolhi
979 4731 1078 4792 Anall.
1103 4733 1181 4794 liter.
1197 4734 1242 4792 IV
1256 4755 1285 4814 p.
1294 4731 1366 4793 538.
