4492 5686
1197 210 1248 283 34

437 466 544 545 οἵτινες
568 459 825 566 ἐπιφανέστατοι
849 454 951 552 ἦσαν·
978 460 1062 540 οὗτοι
1087 461 1121 540 δ
1151 456 1236 553 ἦσαν
1262 459 1426 576 Θεὸδωρος
1451 469 1467 539 ὅ
1493 459 1656 551 Βοιώτιος,
1683 462 1879 560 Θεόπομπος
1904 473 2016 571 (exci-

436 591 530 667 disse
556 590 701 667 videtur
725 591 889 694 gentile),
910 580 1099 700 Ἕρμιππος
1123 591 1140 663 ὅ
1164 584 1392 684 Λυσιμαχεύς.

574 715 666 790 XIV
681 744 721 818 p.
739 716 856 790 6161.
910 715 1067 791 Telestis
1080 741 1204 790 versus
1222 714 1269 790 de
1291 717 1459 790 Minerva
1479 717 1608 790 tibiam
1631 733 1849 818 aspernante
1867 723 2018 792 tractavi

435 838 542 917 Com.
558 838 688 915 Graec.
705 839 777 914 vol.
791 840 901 944 IIIp.
917 842 1002 914 637.
1054 837 1274 943 Comparari
1292 857 1454 915 meretur
1471 838 1689 915 Plutarchus
1710 838 1830 915 deira
1850 867 1888 943 p.
1901 844 1976 914 166
1984 838 2018 913 d.

437 959 582 1073 καὶγὰρ
608 957 664 1050 τὴν
686 961 833 1050 Ἀθηνᾶν
857 958 1010 1053 λέγουσιν
1038 968 1067 1036 οἱ
1089 960 1258 1056 παίζοντες
1283 964 1450 1038 αὐλοῦσαν
1471 958 1535 1037 ὑπὸ
1557 965 1615 1038 τοῦ
1643 956 1794 1074 Σατύρου
1821 964 2019 1067 (Marsyam

436 1085 541 1190 dicit)
567 1085 806 1162 νουθετεῖσθαι
831 1085 886 1161 καὶ
915 1082 959 1179 μὴ
985 1083 1175 1197 προσέχειν,

669 1205 755 1286 οὔτοι
779 1206 893 1321 πρέπει
917 1205 954 1286 τδ
981 1213 1123 1305 σχῆμα·
1147 1207 1222 1290 τοὺς
1246 1206 1367 1289 stuic
1392 1205 1509 1302 μέθες,

670 1329 760 1430 κᾷθ’
785 1327 873 1409 ‘lasa
899 1333 973 1435 (noi
994 1333 1161 1436 θῶπλαῖ)
1185 1328 1289 1427 λάζευ
1316 1332 1371 1410 καὶ
1394 1327 1547 1425 γνάθους
1571 1327 1779 1429 εὗσχημόνει,

434 1453 647 1549 θεασαμένην
681 1455 714 1533 δὲ
745 1462 802 1533 τοῦ
833 1453 1012 1569 προσώπου
1042 1455 1099 1548 τὴν
1131 1453 1211 1551 ὄψιν
1237 1464 1268 1533 ἓν
1294 1463 1433 1554 ποταμῷ
1458 1490 1519 1535 τινι
1544 1456 1746 1567 δυσχερᾶναι
1768 1455 1823 1532 καὶ
1848 1456 2019 1568 προέσθαι

431 1577 512 1660 τοὺς
538 1576 665 1661 αὐλούς.
718 1583 823 1679 Quae
850 1612 965 1686 quum
990 1602 1115 1688 aperte
1148 1611 1168 1660 e
1192 1588 1349 1689 satyrico
1376 1581 1538 1660 dramate
1564 1584 1725 1660 derivata
1751 1587 1836 1674 sint,
1866 1585 2019 1660 fortasse

436 1705 482 1780 ad
508 1705 696 1810 Euripidis
728 1707 890 1782 fabulam
923 1735 1003 1783 eam
1034 1707 1227 1784 referenda
1259 1726 1357 1801 sunt,
1392 1735 1437 1784 ex
1465 1738 1537 1813 qua
1561 1710 1653 1783 haec
1679 1707 1725 1783 de
1751 1709 1896 1811 Marsya
1921 1706 2017 1781 dicta

436 1831 558 1906 attulit
575 1830 710 1906 Strabo
724 1830 818 1903 XIII
830 1860 869 1934 p.
887 1835 975 1904 616.
991 1824 1052 1907 τὰς
1065 1825 1328 1922 διωνομασμένας
1346 1833 1352 1936 Ι
1372 1827 1446 1905 ναιέι
1459 1826 1618 1908 Κελαινὰς
1629 1823 1886 1925 ἐσχάτοιςἼδης
1898 1823 2017 1906 τόποις.

576 1955 667 2030 XIV
682 1982 723 2058 p.
741 1959 813 2028 618
828 1981 862 2030 e.
918 1954 1049 2030 Semus
1073 1954 1204 2029 Delius
1230 1958 1269 2029 in
1294 1955 1392 2029 libro
1419 1954 1467 2031 dc
1486 1957 1706 2057 paeanihus:
1736 1951 1792 2029 nal
1812 1950 1888 2033 rods
1902 1945 2018 2046 ὕμνους

435 2083 479 2157 εἷς
503 2066 558 2166 τὴν
583 2073 664 2150 &clv
690 2078 897 2177 (Cererem)
930 2070 1042 2155 οὔλους
1069 2079 1210 2152 καλοῦσι
1236 2073 1292 2151 καὶ
1315 2071 1454 2155 ἰούλους.
1486 2074 1706 2186 δημητρίουλοι
1732 2075 1787 2152 καὶ
1813 2075 2018 2153 καλλίουλοι.

434 2199 498 2277 καί
517 2207 697 2286 ,πλεῖστον
723 2192 814 2275 οὖλον
841 2194 932 2276 οὖλον
957 2198 1005 2285 ἵει,
1031 2197 1135 2276 ἴουλον
1159 2198 1235 2276 ἷἐι”.
1286 2200 1533 2279 Scribendum
1555 2200 1719 2278 videtur:
1748 2207 1903 2276 πλεῖστον
1926 2194 2018 2275 οὖλον

434 2322 473 2400 ἵει
498 2321 601 2400 ἴουλον
627 2322 675 2409 ἵει,
701 2344 743 2402 ut
769 2330 815 2401 sit
839 2353 964 2402 versus
994 2326 1322 2431 hendecasyllabus
1347 2325 1577 2401 Phalaecius.
1631 2324 1691 2399 Dc
1724 2315 1816 2402 οὖλος
1847 2343 1885 2401 et
1914 2321 2020 2404 ἴουλος

433 2451 504 2526 cfr.
532 2449 701 2526 Loheck.
730 2449 776 2524 ad
802 2452 906 2524 Aiac.
926 2479 965 2553 p.
984 2459 1072 2526 313.
1125 2449 1232 2524 Idem
1253 2453 1359 2525 metri
1379 2478 1492 2552 genus
1511 2447 1741 2527 reddendum
1767 2455 1935 2553 suspicor
1961 2456 2017 2524 in·

435 2590 538 2650 certo
558 2591 692 2676 poetae
711 2572 810 2675 apud
823 2573 1012 2648 Plutarch.
1034 2571 1081 2648 de
1100 2573 1196 2675 Rep.
1220 2600 1295 2674 ger.
1317 2602 1358 2676 p.
1376 2582 1447 2648 823
1463 2600 1497 2647 a.
1526 2569 1696 2679 Κροισείων
1722 2566 1908 2682 ἐλετιέτεροι
1933 2601 2016 2648 στα-

434 2688 548 2806 τήρων,
575 2697 640 2771 uhi
665 2696 776 2798 vulgo
803 2687 1002 2804 αἱρετώτερα
1025 2696 1171 2798 legitur.

576 2819 668 2896 XIV
691 2847 729 2921 p.
748 2822 821 2892 629
836 2845 870 2893 c.
916 2819 1036 2894 Multa
1061 2820 1125 2893 τῶν
1152 2816 1358 2911 καλουμένων
1383 2819 1552 2928 πυρριχᾶι
1580 2844 1711 2922 genera
1739 2846 1816 2895 esse
1840 2820 1941 2911 dicit,
1976 2824 2018 2927 ως

436 2938 528 3053 παρὰ
552 2940 669 3051 Κρησὶν
697 2939 824 3052 ὀρσίτης
857 2939 913 3016 καὶ
943 2935 1130 3052 ἐπικρήδος.
1182 2945 1265 3020 Hoc
1297 2961 1525 3048 postremum
1559 2971 1696 3019 nomen
1728 2949 1759 3019 si
1790 2943 1836 3019 ad
1869 2943 2018 3021 Cretam

435 3085 589 3173 spectat,
618 3060 802 3176 ἓτικρήσιος
826 3072 950 3169 potius
977 3094 1088 3170 quam
1112 3060 1289 3177 ἐπικρήδιος
1318 3067 1554 3144 scribendum
1579 3067 1736 3145 videtur.
1789 3068 1835 3142 In
1860 3094 2016 3171 sequen-

433 3195 534 3268 tibus
565 3208 790 3266 memoratur
821 3191 965 3265 saltatio
997 3185 1157 3270 Τελεσιοίς
1190 3191 1307 3269 dicta:
1340 3188 1541 3278 Μακεδονικὴ
1576 3187 1607 3265 δ
1633 3183 1721 3265 ἔστιν
1755 3182 1834 3278 αὕτη
1869 3185 2018 3302 ὄρχησις,

435 3308 458 3412 ᾗ
479 3307 684 3422 χρησάμενοι
712 3318 740 3385 οἱ
765 3309 836 3421 περὶ
860 3319 1061 3403 Πτολεμαῖον
1082 3309 1293 3421 Ἀλέξανδρον
1321 3310 1374 3387 τδν
1401 3311 1564 3387 Φιλίππου
1590 3307 1731 3408 ἀδελφδν
1762 3318 1898 3388 ἀνεῖλον.
1949 3319 2017 3391 At·

434 3441 516 3542 tigit
541 3437 633 3531 haec
659 3435 920 3539 Wessclingius
946 3435 991 3510 ad
1018 3435 1179 3512 Diodor.
1208 3436 1284 3512 Sic.
1303 3436 1389 3529 XV,
1408 3439 1469 3511 71.
1500 3439 1565 3538 qui
1591 3434 1692 3538 qnod
1714 3435 1945 3512 Telesiadem
1971 3442 2017 3514 ab
2044 3472 2058 3487 τ

436 3566 582 3638 armatis
614 3560 779 3636 saltatam
811 3588 889 3637 esse
923 3565 1126 3665 supinatur,
1161 3561 1198 3636 id
1230 3588 1308 3636 non
1341 3565 1379 3634 in
1413 3563 1622 3636 coniectura
1653 3564 1816 3662 positum
1850 3579 1916 3653 est,
1952 3562 2017 3638 sed

437 3687 600 3764 disertim
629 3703 783 3761 testatur
813 3685 1043 3789 Hippagoras
1066 3685 1249 3761 Athenaei
1268 3684 1360 3760 XIV
1383 3713 1422 3788 p.
1440 3688 1513 3759 630
1528 3712 1561 3759 οι.
1615 3683 1869 3761 Ptolemaeum
1895 3703 2016 3762 autem

436 3809 526 3887 dicit
549 3811 752 3903 Aloritam,
790 3809 836 3884 dc
871 3836 946 3911 quo
980 3809 1047 3885 cir.
1085 3807 1215 3884 Schol.
1246 3809 1439 3884 Aeschinis
1470 3806 1517 3883 de
1549 3807 1766 3912 Parapresb.
1802 3810 1836 3905 3.
1863 3816 1924 3885 22.
1951 3812 2016 3885 uhi

435 3934 630 4009 interfecto
661 3932 875 4010 Alexandro
909 3938 1074 4037 quinque
1107 3960 1176 4038 per
1206 3959 1323 4008 annos
1355 3930 1595 4008 Macedoniae
1630 3937 1826 4034 imperium
1857 3938 2015 4008 tenuisse

437 4058 590 4150 dicitur3
621 4061 757 4159 quain
783 4085 823 4132 rc
850 4057 1031 4134 notandus
1060 4075 1115 4134 est
1141 4057 1324 4132 dissensus
1350 4083 1370 4130 a
1395 4056 1583 4132 Diodoro.

576 4181 668 4255 Mox
686 4199 891 4283 sequuntur
909 4181 1014 4257 haec:
1043 4176 1136 4291 παρὰ
1154 4176 1187 4255 δὲ
1212 4175 1425 4289 Συρακοσίοις
1450 4177 1505 4255 καὶ
1530 4173 1693 4274 χιτωνὲας
1712 4173 1896 4290 Ἀρτέμιδος
1915 4175 2014 4289 ἔρχη-

437 4303 488 4385 σίς
513 4302 560 4384 τίς
590 4309 677 4381 ἐστιν
711 4299 786 4383 ἴδιος
817 4301 873 4379 καὶ
902 4298 1047 4392 αὔλησις.
1098 4305 1159 4381 De
1188 4304 1378 4382 Artemide
1406 4304 1581 4381 Chitonia
1608 4303 1682 4379 dixi
1709 4304 1820 4406 Spec.
1843 4304 1862 4377 Ι
1884 4333 1925 4405 p.
1949 4308 2011 4378 15.

435 4430 519 4504 Hoc
551 4447 671 4505 autem
701 4430 788 4506 loco
819 4457 889 4533 pro
917 4423 1081 4523 χιτωνὲας
1110 4431 1344 4506 scribendum
1377 4431 1523 4508 videtur
1552 4420 1727 4523 χιτωνιάς,
1758 4444 1800 4500 ut
1830 4424 1867 4500 id
1895 4432 2014 4530 ipsum

435 4555 636 4630 saltationis
668 4557 707 4628 in
742 4554 937 4629 Chitoniac
963 4556 1150 4631 Minervae
1181 4554 1363 4630 honorem
1390 4559 1573 4630 institutae
1598 4578 1735 4627 nomen
1760 4551 1883 4644 fuerit,
1913 4580 2012 4626 com-

434 4677 636 4782 parandum
669 4676 764 4754 illud
801 4707 884 4754 cum
910 4671 1079 4764 Τελετιάς,
1112 4669 1225 4762 σοβάς
1257 4679 1411 4783 aliisque
1445 4678 1661 4757 chorearum
1688 4676 2013 4781 appellationibus.
