4492 5686
1102 255 1150 326 to

744 502 934 582 συνδιντνὲω
961 509 1006 601 τῷ
1030 510 1140 590 λῶντι,
1167 503 1308 582 καλέσαι
1334 504 1386 580 δεῖ
1404 505 1509 598 μόνον,

744 633 800 706 καὶ
823 637 869 727 τῷ
893 664 943 722 γα
967 630 1010 723 μὴ
1036 637 1158 717 insint,
1184 630 1292 708 xov’dis
1319 631 1370 707 δεῖ
1390 642 1511 708 καλεῖν.

335 762 440 835 Libri
466 757 522 832 mi
543 762 588 853 τῷ
612 753 825 850 γαμηὶαώντι.
869 759 946 835 Sed
970 761 1080 834 λιῶντι
1107 760 1199 863 quid
1223 767 1271 835 sit
1296 787 1373 836 non
1399 763 1628 864 intelligitur.
1674 765 1806 867 Itaque
1822 766 1918 841 Diu·

336 886 477 961 dorfius
505 889 620 959 λεῶντι
651 892 823 978 coniecit,
858 889 971 962 fretus
1002 887 1177 990 Hesychii
1208 888 1340 989 glossa,
1373 890 1494 980 Δεῷμιε
1527 885 1673 982 θέλοιμι.
1725 891 1801 965 Sed
1826 892 1918 967 haec

336 1019 445 1088 etiam
463 1015 580 1088 forma
594 1031 830 1088 controversa
845 1031 908 1087 est
936 1012 1031 1089 Cod.
1045 1018 1143 1088 enim
1156 1008 1268 1102 λέωμα
1295 1011 1461 1088 Omnino
1474 1043 1604 1118 parum
1620 1016 1798 1093 credibile
1812 1024 1918 1093 estin

336 1140 483 1214 duobus
509 1140 683 1243 deinceps
709 1143 873 1214 versibus
900 1139 1050 1215 diversis
1077 1139 1240 1214 eiusdem
1258 1143 1362 1215 verbi
1380 1142 1508 1215 iormis
1524 1143 1787 1245 Epicharmum
1811 1172 1917 1219 usum

336 1294 427 1341 esse.
482 1268 611 1368 ltaque
650 1272 774 1340 nescio
815 1294 861 1339 an
900 1272 929 1340 is
968 1272 1154 1369 scripserit
1192 1264 1247 1339 sai
1283 1269 1329 1360 τῷ
1362 1296 1411 1354 γα
1445 1258 1534 1360 pingi
1564 1271 1675 1342 λῶντι.-
1725 1271 1913 1344 Antiattic.

334 1421 373 1496 p.
391 1402 475 1483 iob,
498 1400 556 1464 tt.
584 1383 698 1483 ΜνΪχιε
725 1394 767 1468 ὠς
793 1388 885 1483 ναίχι
911 1389 966 1465 soi
990 1388 1076 1484 οὐχί
1102 1384 1275 1472 Εὔβουλος
1300 1386 1458 1486 Δειδοίλῳ.

475 1518 528 1591 Vl
545 1546 585 1621 p.
599 1526 671 1589 244
686 1519 712 1591 s.
744 1512 975 1626 Ἀριστδδημος
1000 1514 1032 1590 δ
1058 1522 1089 1590 ἕν
1114 1513 1250 1626 δευτέρῳ
1275 1515 1410 1607 γελοίων
1442 1515 1782 1613 ἀπομνημονευμάτων
1809 1552 1916 1631 trapa·

336 1642 445 1722 σίτονς
463 1638 659 1753 ἀναγράφει,
673 1637 846 1737 Ἀντιᾶχου
865 1640 921 1734 μὲν
941 1646 999 1718 τοῦ
1015 1634 1189 1755 βασιλέως
1207 1639 1408 1754 Σώστρατον
1422 1659 1532 1720 κτλ
1560 1648 1744 1722 Sostratus
1762 1648 1823 1724 hic
1839 1653 1916 1724 An·

335 1773 451 1849 tiochi
477 1774 546 1847 tuit
570 1772 721 1847 saltator
746 1776 862 1874 patria
888 1771 1107 1862 Prienensis‚
1138 1774 1203 1874 qui
1228 1790 1335 1875 capta
1360 1776 1407 1846 ab
1426 1773 1615 1848 Antiocho
1641 1773 1774 1849 Priene
1800 1781 1918 1850 iussus

337 1928 357 1973 a
383 1925 468 2001 rege
494 1904 534 1973 in
559 1903 729 1974 convivio
757 1897 1020 1989 Eleutheriam,
1051 1896 1152 1999 quod
1181 1903 1312 1972 cantici
1337 1927 1474 1974 nomen
1499 1901 1582 1992 suit,
1618 1901 1762 1992 saltare,
1792 1905 1827 1974 οὐ
1854 1933 1916 1975 κα-

335 2022 391 2100 λὸν
417 2023 479 2122 ἔφη
506 2025 563 2111 τῆς
587 2020 739 2134 πατρίδος
762 2014 863 2097 αὐτοῦ
889 2016 1082 2119 δουλευούσῃ
1108 2018 1205 2097 atris
1228 2021 1416 2133 {AsuSspias
1441 2025 1637 2134 ὀρχεῖσθαι,
1670 2025 1725 2099 καὶ
1749 2024 1802 2100 διὰ
1822 2031 1916 2102 τοῦτο

335 2151 603 2261 ε’ὶαυθιςυθῆναι
633 2145 800 2250 (λέγουσι)
832 2146 889 2236 τὴν
920 2143 1025 2233 τδλιν,
1058 2152 1189 2226 Sextus
1215 2153 1357 2253 Empir.
1392 2179 1425 2224 c.
1456 2151 1660 2226 Grammat.
1688 2158 1829 2255 p.667,
1856 2161 1914 2227 15.

336 2297 373 2355 et
398 2280 576 2353 Libanius
595 2277 905 2379 Vol.111p.395,
924 2285 959 2351 2.
1002 2276 1256 2352 Aristodemus
1282 2295 1418 2369 autem,
1449 2304 1558 2380 quem
1585 2295 1786 2353 antestatus
1802 2280 1917 2354 Athe·

335 2431 461 2495 naeus,
504 2402 552 2477 de
590 2401 737 2475 duobus
779 2400 941 2474 eiusdem
984 2408 1142 2477 nominis
1182 2404 1339 2506 Nysenis
1381 2405 1491 2478 fuisse
1532 2404 1677 2480 videtur
1716 2410 1762 2497 is,
1807 2433 1917 2508 quem

336 2531 558 2608 rhetoricam
592 2554 676 2602 cum
710 2530 941 2628 grammatica
976 2531 1207 2599 coniunxisse
1242 2545 1371 2600 auctor
1405 2546 1461 2600 est
1494 2531 1628 2605 Strabo
1660 2532 1752 2607 XIV
1776 2537 1914 2635 p0650.

336 2655 507 2733 Eundem
532 2654 577 2728 ad
604 2669 726 2756 partes
752 2668 859 2726 vocat
884 2649 1013 2726 Schol.
1043 2651 1137 2724 Ven.
1166 2650 1273 2724 Iliad.
1301 2646 1428 2724 tiss.
1456 2647 1686 2759 Ἀριστόδημος
1717 2659 1734 2727 ὃ
1760 2654 1919 2734 Νυσαιεδς

335 2778 438 2893 ῥήτωρ
465 2811 502 2856 τι
523 2776 616 2856 ἀλλὰ
638 2780 725 2883 (leg.
755 2768 842 2879 ἅμα)
868 2774 924 2852 καὶ
952 2768 1193 2886 epaunensis.

477 2909 530 2986 Vl
547 2914 671 3015 pesa
687 2935 720 2981 c.
762 2904 1006 2980 Athenienses
1032 2904 1261 2979 Demetrium
1287 2903 1549 2998 Poliorcetem‚
1584 2906 1758 3008 Antigoni
1783 2907 1913 3001 filium,

336 3040 499 3143 Corcyra
525 3035 689 3113 Athenas
715 3030 911 3108 adeuntem
938 3030 1182 3136 ithyphallico
1210 3036 1369 3107 carmine
1399 3032 1618 3126 salutabant,
1633 3080 1636 3085 -
1654 3059 1730 3136 quo
1764 3036 1916 3109 fortissi-

335 3195 436 3242 mum
463 3165 650 3239 hominem
679 3161 778 3235 hisce
805 3157 1079 3261 compellabant
1104 3161 1245 3234 verbis:

696 3276 721 3359 ὦ
746 3286 803 3359 τοῦ
830 3280 1007 3393 κρατίστου
1032 3290 1099 3357 roi
1118 3281 1316 3361 Ποσειδῶνος
1340 3282 1425 3356 θεοῦ

693 3417 793 3521 χαῖρε
819 3405 1021 3520 κᾶφςοδιτης.

335 3550 506 3627 Graviter
533 3547 673 3621 notavit
699 3541 793 3617 hanc
819 3542 997 3615 abiectam
1024 3539 1271 3614 adulationem
1288 3534 1500 3611 Demetrius
1527 3535 1650 3612 dicens
1677 3541 1720 3614 ὠς
1747 3534 1842 3615 οὐδεὶς
1866 3544 1915 3613 ἐπ’

334 3677 435 3757 αὐτοῦ
457 3668 639 3759 Ἀθηναίων
663 3667 781 3761 γέγονε
806 3661 913 3759 μέγας
936 3666 991 3741 καὶ
1020 3660 1114 3774 ἁδρὸς
1143 3661 1200 3751 τὴν
1225 3657 1350 3757 ψυχήν
1374 3664 1512 3739 Athen.
1533 3664 1586 3739 vl
1603 3692 1642 3767 p.
1656 3670 1727 3739 253
1743 3693 1776 3740 a.
1828 3665 1916 3761 Qua

334 3814 371 3885 in
404 3833 443 3883 re
476 3808 569 3909 patri
603 3827 671 3878 suo
699 3824 739 3875 se
766 3798 937 3903 praebuit
963 3793 1201 3880 simillimum,
1237 3795 1302 3894 qui
1334 3820 1447 3894 quum
1475 3795 1520 3866 ab
1547 3790 1781 3868 Hermodoto
1806 3809 1916 3895 poeta

333 3933 433 4007 Solis
460 3932 556 4006 lilius
583 3947 620 4005 et
646 3928 737 4004 dcru
764 3926 939 4001 salutatus
967 3937 1071 4012 esset,
1101 3918 1226 4022 lepide
1252 3918 1464 4021 respondit?
1499 3920 1534 3991 οὐ
1563 3911 1698 3992 τοιαῦτά
1727 3947 1781 4010 μοι
1812 3922 1915 3990 ὁλα-

334 4050 514 4165 σονοψίρος
535 4050 673 4131 rivatim
692 4053 880 4129 Plutarch.
903 4050 949 4125 de
967 4050 1012 4124 Is.
1032 4064 1068 4123 et
1086 4045 1181 4122 Osir.
1199 4045 1319 4120 suano
1335 4045 1369 4118 d.
1383 4047 1442 4144 (*).
1477 4046 1642 4148 Neptuni
1661 4063 1781 4119 autem
1799 4045 1916 4119 filium

333 4185 574 4295 appellavisse
606 4182 837 4259 Demetrium
869 4177 1040 4255 videntur
1070 4190 1225 4278 propter
1257 4173 1434 4278 Cypriam
1466 4177 1668 4248 victoriam.
1723 4172 1916 4247 Consimili

333 4320 475 4393 sallone
502 4312 634 4390 Sextus
661 4309 860 4411 Pompeius
892 4321 1046 4409 propter
1079 4306 1299 4377 maritimum
1325 4303 1519 4404 imperium
1545 4299 1710 4402 Neptuni
1735 4326 1775 4372 se
1799 4299 1915 4372 filium

341 4472 501 4485 ·······-v-·'··
508 4471 566 4479 -····-
571 4467 742 4483 ν--σ-ηνΡ-νπ

373 4546 423 4620 lii)
456 4541 562 4603 tssntnn
586 4538 790 4600 referentum
814 4533 970 4595 i'lutarciso
986 4530 1205 4615 Apophthegm.
1227 4550 1288 4612 reg.
1310 4549 1376 4610 pag.
1386 4529 1444 4590 182
1461 4549 1485 4588 c,
1507 4526 1556 4588 ubi
1572 4522 1817 4607 Wytteubachius
1837 4524 1916 4587 iler-

330 4646 481 4713 etedotmu
512 4652 626 4726 portam
653 4637 768 4699 aliunde
794 4635 848 4697 sibi
877 4656 936 4696 non
964 4634 1122 4695 innotuisse
1151 4632 1266 4693 latetur.
1310 4629 1382 4689 Mihi
1408 4651 1467 4690 non
1496 4624 1684 4710 improbabile
1704 4625 1819 4688 videtur
1840 4627 1917 4687 hunc

329 4748 453 4815 ιααδινα
477 4764 539 4809 esse
562 4740 775 4805 itermodotuns
803 4736 884 4800 cuius
911 4735 1078 4799 memoriam
1104 4733 1232 4795 servavit
1253 4729 1394 4792 Stobaeus
1415 4729 1497 4791 Flor·
1518 4729 1613 4791 an.
1632 4720 1816 4813 Ἑρμοδότου·
1844 4723 1915 4814 Οὐχ

329 4854 341 4915 i
363 4847 449 4935 te'yts
473 4840 558 4935 αὔξη
585 4840 630 4915 ον’,ν
653 4835 758 4924 rimu
782 4835 914 4924 τνμτσὸς
936 4828 983 4907 siv,
1005 4834 1068 4898 ἀλλ’
1091 4832 1166 4900 rev’rd
1187 4835 1291 4906 κοτμοῒ
1308 4828 1355 4891 τὸν
1375 4823 1465 4910 λέγον
1485 4827 1523 4889 τοὶ
1542 4820 1710 4916 πράγματα.
