4492 5686
1028 220 1053 291 9

923 334 1158 362 mm

247 478 326 555 mul
352 479 485 554 fastum
511 476 671 552 hominis
698 494 735 552 et
761 477 966 552 affectatam
983 476 1244 559 sublimitatem
1263 475 1450 553 illuderet.
1492 480 1585 552 Eam
1610 482 1659 554 ob
1687 506 1831 557 causam

248 608 358 678 etiam
384 601 555 677 dictionis
580 603 699 676 forma
723 628 807 676 usus
836 617 972 694 estes,
1004 617 1161 704 quaect
1185 603 1383 677 verborum
1409 602 1563 677 haberet
1591 602 1831 705 granditatem

246 744 284 802 et
308 752 506 801 numerose
534 724 579 799 ad
608 752 713 801 aures
741 723 934 800 accideret.
976 725 1029 799 At
1055 726 1252 800 obscurum
1279 744 1334 801 est
1361 751 1437 830 quo
1464 742 1606 829 spectet
1631 723 1719 833 περί,
1751 732 1830 803 ine·

245 868 351 953 ptum
378 854 464 924 item
490 854 567 924 sive
591 853 716 952 potius
742 875 851 924 sensu
882 876 1022 924 cassum
1055 866 1110 924 est
1133 841 1347 957 θνρίπεπλος
1372 844 1480 941 μανία
1527 851 1623 925 Mihi
1648 849 1828 927 Stratoni·

245 1001 308 1050 cns
335 974 412 1048 fere
438 974 511 1048 hoc
537 973 668 1047 dixisse
692 971 849 1051 videtur:

550 1097 596 1190 τῷ
623 1092 721 1204 πατρί
746 1090 953 1205 πηροπέπλου
979 1093 1095 1189 μανίας
1118 1088 1246 1206 ὕβρεως
1268 1127 1303 1171 τε
1330 1090 1566 1206 περιστάσιμον

551 1215 654 1294 στοάν
681 1213 794 1313 ἔχοντι
819 1215 1025 1331 Πυθαγάρου
1052 1214 1194 1316 πελάτᾳ.

245 1347 328 1419 Ηοο
353 1363 407 1420 est
433 1348 622 1447 cynicae
648 1348 855 1418 insaniae
883 1348 1062 1419 auctori
1089 1362 1130 1419 et
1154 1349 1355 1448 parenti,
1393 1344 1703 1448 quemadmodum
1727 1346 1826 1421 haud

242 1495 326 1542 raro
346 1467 479 1544 dicitur
504 1462 613 1575 πατὴρ
639 1462 771 1565 σοφίας,
798 1464 905 1576 πατὴρ
928 1460 1094 1559 δίγματος
1121 1486 1157 1543 et
1184 1493 1277 1571 quae
1302 1467 1359 1541 his
1390 1484 1474 1542 sunt
1500 1469 1644 1543 similia.
1687 1464 1827 1579 πυροπί-

244 1603 328 1664 πλου
346 1620 434 1666 num
462 1608 560 1666 recte
586 1594 806 1665 restituerim
833 1595 911 1693 ipse
938 1589 1089 1666 dubito:
1119 1591 1192 1665 hoc
1218 1608 1340 1665 tamen
1367 1607 1507 1665 certum
1527 1590 1684 1685 videtur,
1713 1594 1828 1678 latere

244 1719 283 1789 in
317 1715 384 1790 illo
418 1713 598 1791 adiectivo
632 1740 743 1817 perae
777 1717 1012 1805 memoriam,
1049 1742 1118 1817 qua
1152 1742 1258 1788 usum
1291 1741 1368 1790 esse
1399 1713 1610 1789 Diodorum
1640 1722 1741 1792 testis
1773 1735 1828 1794 est

243 1836 447 1914 societates
475 1837 573 1939 apud
598 1839 805 1940 Diogenem
830 1839 955 1913 Laert.
977 1838 1044 1929 VI,
1069 1846 1127 1910 13.
1182 1828 1396 1945 Σωσικράτης
1424 1833 1454 1910 δ
1481 1841 1512 1910 έν
1544 1835 1632 1947 τρίτῃ
1664 1834 1826 1935 διαδάχων

241 1954 400 2071 Διίδνρον
425 1956 478 2036 τὸν
499 1955 685 2035 Ἀσπένδιον
714 1959 769 2035 καί
794 1954 940 2051 πάγυνα
966 1960 1120 2035 καθεῖναι
1147 1955 1201 2033 καί
1224 1950 1366 2068 βάκτρῳ
1400 1958 1454 2034 καί
1485 1953 1575 2065 πήρᾳ
1606 1955 1826 2072 χρίσασθαι.

241 2086 374 2162 Verbis
394 2077 631 2194 περιστάσιμον
652 2080 754 2160 στοάν
773 2077 885 2178 ἔχοντι
906 2084 1129 2175 auditorum,
1154 2110 1247 2185 quos
1266 2082 1457 2158 Diodorus
1477 2085 1649 2179 habebat,
1673 2086 1826 2163 indicari

240 2208 384 2284 videtur
410 2237 609 2285 concursus
637 2227 674 2284 et
699 2210 917 2311 frequentia.
966 2209 1134 2283 Tenuem
1161 2210 1229 2281 viri
1254 2211 1391 2282 victum
1419 2226 1458 2282 et
1490 2211 1746 2285 abstinentiam
1778 2213 1825 2286 ab

242 2358 306 2407 esu
332 2333 542 2406 animalium
567 2331 663 2405 ridet
688 2331 945 2406 Archestratus
972 2329 1071 2432 apud
1099 2328 1331 2404 Athenaeum
1357 2330 1384 2404 l.
1401 2330 1427 2405 l.
1450 2331 1654 2408 studiorum
1675 2333 1824 2409 assidui·
1931 2346 1937 2359 ’·

239 2472 354 2530 tatem
382 2471 418 2529 et
443 2459 682 2558 pervicaciam
709 2454 921 2557 Anthippus
947 2459 1023 2530 sive
1048 2457 1264 2556 Anaxippus
1293 2452 1402 2529 Com.
1432 2481 1549 2557 graec.
1586 2457 1662 2533 vol.
1687 2457 1752 2534 IV.
1781 2486 1820 2561 p.

241 2582 328 2654 tot.
357 2577 455 2681 apud
483 2605 592 2682 quem
617 2583 772 2653 iactator
796 2605 938 2680 coquus
962 2578 1053 2654 haec
1078 2579 1187 2653 fatur:

646 2695 701 2777 τδν
728 2695 846 2810 ὄρθρον
871 2704 902 2774 ἓν
926 2707 998 2780 ταῖς
1022 2698 1140 2810 χερσίν
1167 2694 1245 2790 ἕψει
1258 2691 1389 2782 βιβλία

646 2817 773 2916 έχοντα
798 2821 854 2897 καί
879 2824 1036 2914 ζητοῦντα
1062 2820 1108 2897 τά
1134 2818 1224 2897 κατά
1247 2820 1304 2910 τὴν
1331 2819 1460 2916 τέχνην.

250 3024 258 3040 ρ
648 2942 732 3020 οὐδὲν
758 2939 920 3054 Διοδοίρου
947 2941 1086 3053 δαφέριν
1112 2941 1320 3020 τάσπενδίου.

240 3071 411 3168 Quorum
433 3097 603 3147 versuum
629 3075 756 3147 tertius
782 3075 820 3144 in
846 3070 949 3144 libris
975 3074 1023 3144 ita
1049 3074 1204 3173 scriptus
1232 3086 1304 3146 est:
1335 3064 1420 3143 οὐδὲν
1446 3064 1658 3182 χονδρειίουσι
1682 3070 1822 3186 δαφέριν

238 3197 265 3270 τ’
286 3189 488 3278 Ἀσπενδίου,
515 3221 609 3297 quae
634 3196 745 3271 verba
771 3194 860 3269 forti
885 3192 1099 3295 indigebant
1123 3193 1299 3268 remedio.

378 3317 432 3394 IV
453 3347 493 3422 p.
516 3321 585 3392 172
600 3316 638 3392 d.
681 3311 794 3390 πολλοὶ
819 3311 875 3408 μὲν
901 3315 1065 3390 ἐπιθεῖναι
1088 3310 1194 3406 λέγων
1221 3309 1420 3419 (Πανάασις)
1442 3313 1614 3411 πέμματα,
1640 3311 1770 3401 πολλάς
1790 3318 1823 3397 δὲ

240 3434 404 3517 νοσσάδας
430 3434 535 3549 δρνεις,
562 3434 714 3548 προτέρου
741 3429 1000 3548 Στησιχόρουῆ
1020 3429 1160 3519 Ἰβύκου
1185 3442 1216 3510 ἓν
1235 3433 1378 3519 Ἄθλοις
1402 3439 1672 3550 ἐπιγραφομένοις
1701 3439 1821 3554 εἴρηκά-

238 3594 293 3641 τος
320 3561 487 3668 φέρεσθαι
512 3565 550 3659 τῇ
577 3557 735 3671 παρθένῳ
761 3557 849 3669 δῶρα
1018 3563 1019 3567 ’

646 3681 837 3776 σασαμίδας
861 3678 997 3792 χάνδρον
1025 3714 1061 3758 τε
1087 3682 1142 3759 καί
1165 3681 1316 3795 ἐγκρίδας

646 3802 736 3882 ἄλλα
761 3837 798 3882 τε
824 3802 986 3901 πέμματα
1013 3805 1068 3882 καί
1092 3807 1167 3900 μέλι
1191 3792 1334 3917 χλωράν.

236 3936 293 4009 Ita
317 3932 409 4008 haec
435 3931 642 4008 exhibenda
669 3949 773 4008 erant
798 3932 844 4006 ad
868 3931 978 4007 fidem
1006 3932 1091 4008 cod.
1108 3933 1152 4006 B.
1174 3933 1295 4034 Vulgo
1316 3927 1477 4042 φέρεσθε,
1504 3936 1605 4039 quod
1619 3938 1818 4016 virosdoc·

236 4075 295 4132 tos
323 4056 416 4132 adeo
444 4056 589 4148 fefellit,
618 4073 659 4132 ut
684 4061 763 4158 ipsa
789 4056 992 4132 Stesichori
1017 4058 1130 4131 verba
1152 4056 1215 4131 illa
1248 4083 1325 4132 esse
1351 4074 1525 4159 putarent
1549 4066 1588 4137 in
1613 4062 1713 4139 hunc
1738 4089 1818 4139 mo.-

238 4179 326 4254 dum
352 4196 471 4255 metro
498 4178 795 4257 accommodata:
826 4174 977 4288 φίρεσθέ
1000 4209 1038 4253 τε
1057 4173 1306 4289 παρθενίδωρα,
1333 4181 1435 4284 quod
1454 4210 1526 4286 pro
1547 4179 1712 4294 παρθένια
1732 4181 1820 4294 δῶρα

238 4304 310 4379 dici
323 4307 486 4407 potuisse
499 4308 558 4378 vix
572 4302 749 4379 credibile
770 4321 836 4380 est.
878 4303 1088 4407 Panyasidis
1106 4330 1252 4379 versum
1273 4306 1384 4382 fuisse
1403 4305 1516 4383 huuc:
1539 4301 1701 4400 πέμματα
1721 4301 1817 4382 πάλλ’

236 4424 364 4505 ἐπιθείς
389 4422 518 4505 πολλάς
544 4421 580 4501 δέ
607 4457 645 4501 τε
672 4421 836 4505 νοσσάδας
869 4418 980 4536 ίρνεις,
1014 4453 1134 4531 nuper
1164 4433 1309 4504 monuit
1338 4436 1393 4506 vir
1422 4429 1566 4525 doctus,
1598 4435 1740 4509 nescius
1768 4438 1818 4507 ita

235 4550 328 4625 haec
353 4555 423 4625 iam
451 4569 615 4631 correcta
642 4578 719 4629 esse
745 4556 784 4627 in
809 4552 933 4628 Anall.
963 4550 1159 4627 Alexandr.
1185 4580 1225 4655 p.
1242 4556 1331 4628 368.

1503 4679 1534 4751 Β
