<?xml version="1.0" encoding="UTF-8"?>
<!DOCTYPE html PUBLIC "-//W3C//DTD XHTML 1.0 Transitional//EN"
    "http://www.w3.org/TR/xhtml1/DTD/xhtml1-transitional.dtd">
<html xmlns="http://www.w3.org/1999/xhtml" xml:lang="en" lang="en">
 <head>
  <title>
</title>
<meta http-equiv="Content-Type" content="text/html;charset=utf-8" />
  <meta name='ocr-system' content='tesseract 3.04.00' />
  <meta name='ocr-capabilities' content='ocr_page ocr_carea ocr_par ocr_line ocrx_word'/>
</head>
<body>
  <div class='ocr_page' id='page_1' title='image "./philologicarume00meingoog_0032.png"; bbox 0 0 4492 5686; ppageno 0'>
   <div class='ocr_carea' id='block_1_1' title="bbox 1096 279 1143 351">
    <p class='ocr_par' dir='ltr' id='par_1_1' title="bbox 1096 279 1143 351">
     <span class='ocr_line' id='line_1_1' title="bbox 1096 279 1143 351; baseline -0.021 0"><span class='ocrx_word' id='word_1_1' title='bbox 1096 279 1143 351; x_wconf 58' lang='grc' dir='ltr'><strong>λδ</strong></span> 
     </span>
    </p>
   </div>
   <div class='ocr_carea' id='block_1_2' title="bbox 1000 393 1234 420">
    <p class='ocr_par' dir='ltr' id='par_1_2' title="bbox 1000 393 1234 420">
     <span class='ocr_line' id='line_1_2' title="bbox 1000 393 1234 420; baseline 0 -1"><span class='ocrx_word' id='word_1_2' title='bbox 1000 393 1234 420; x_wconf 62' lang='lat' dir='ltr'><strong>mm</strong></span> 
     </span>
    </p>
   </div>
   <div class='ocr_carea' id='block_1_3' title="bbox 333 527 1911 774">
    <p class='ocr_par' dir='ltr' id='par_1_3' title="bbox 333 527 1911 774">
     <span class='ocr_line' id='line_1_3' title="bbox 470 527 1910 645; baseline -0.001 -32"><span class='ocrx_word' id='word_1_3' title='bbox 470 537 561 613; x_wconf 88' lang='lat' dir='ltr'><strong>VIII</strong></span> <span class='ocrx_word' id='word_1_4' title='bbox 577 547 616 640; x_wconf 70' lang='lat' dir='ltr'><strong>p‘.</strong></span> <span class='ocrx_word' id='word_1_5' title='bbox 629 544 702 610; x_wconf 78' lang='lat'><strong>328</strong></span> <span class='ocrx_word' id='word_1_6' title='bbox 720 564 753 612; x_wconf 86' lang='lat' dir='ltr'><strong>a.</strong></span> <span class='ocrx_word' id='word_1_7' title='bbox 795 528 928 645; x_wconf 75' lang='grc' dir='ltr'>Χρόμις·</span> <span class='ocrx_word' id='word_1_8' title='bbox 956 529 1012 608; x_wconf 79' lang='grc' dir='ltr'>καί</span> <span class='ocrx_word' id='word_1_9' title='bbox 1035 527 1150 609; x_wconf 82' lang='grc' dir='ltr'>τούτου</span> <span class='ocrx_word' id='word_1_10' title='bbox 1177 527 1360 626; x_wconf 78' lang='grc' dir='ltr'>μνημονεύει</span> <span class='ocrx_word' id='word_1_11' title='bbox 1380 529 1590 645; x_wconf 71' lang='grc' dir='ltr'>Ἐπίχαρμος</span> <span class='ocrx_word' id='word_1_12' title='bbox 1612 530 1734 626; x_wconf 73' lang='grc' dir='ltr'>λέγων·</span> <span class='ocrx_word' id='word_1_13' title='bbox 1762 533 1817 610; x_wconf 81' lang='grc' dir='ltr'>καί</span> <span class='ocrx_word' id='word_1_14' title='bbox 1836 563 1910 611; x_wconf 83' lang='grc' dir='ltr'>σκι·</span> 
     </span>
     <span class='ocr_line' id='line_1_4' title="bbox 333 653 1911 774; baseline -0.001 -35"><span class='ocrx_word' id='word_1_15' title='bbox 333 660 410 764; x_wconf 81' lang='grc' dir='ltr'>φίας</span> <span class='ocrx_word' id='word_1_16' title='bbox 437 656 582 774; x_wconf 72' lang='grc' dir='ltr'>χρίμιάς</span> <span class='ocrx_word' id='word_1_17' title='bbox 606 662 652 737; x_wconf 81' lang='grc' dir='ltr'><strong>θ’</strong></span> <span class='ocrx_word' id='word_1_18' title='bbox 678 653 712 742; x_wconf 75' lang='lat' dir='ltr'><strong>‘de</strong></span> <span class='ocrx_word' id='word_1_19' title='bbox 737 668 767 737; x_wconf 80' lang='grc' dir='ltr'><strong>ἓν</strong></span> <span class='ocrx_word' id='word_1_20' title='bbox 793 665 839 758; x_wconf 80' lang='grc' dir='ltr'><strong>τῷ</strong></span> <span class='ocrx_word' id='word_1_21' title='bbox 859 654 909 772; x_wconf 65' lang='lat' dir='ltr'><strong>ipa</strong></span> <span class='ocrx_word' id='word_1_22' title='bbox 930 655 1048 736; x_wconf 77' lang='grc' dir='ltr'>καττδν</span> <span class='ocrx_word' id='word_1_23' title='bbox 1063 655 1203 737; x_wconf 75' lang='grc' dir='ltr'>Ἀνάνιον</span> <span class='ocrx_word' id='word_1_24' title='bbox 1220 655 1357 754; x_wconf 71' lang='grc' dir='ltr'>ἰχθύων</span> <span class='ocrx_word' id='word_1_25' title='bbox 1378 654 1508 737; x_wconf 90' lang='grc' dir='ltr'>πάντων</span> <span class='ocrx_word' id='word_1_26' title='bbox 1529 656 1670 771; x_wconf 78' lang='grc' dir='ltr'>άριστος.</span> <span class='ocrx_word' id='word_1_27' title='bbox 1700 665 1745 738; x_wconf 92' lang='lat' dir='ltr'><strong>Iu</strong></span> <span class='ocrx_word' id='word_1_28' title='bbox 1763 660 1819 738; x_wconf 78' lang='grc' dir='ltr'>καί</span> <span class='ocrx_word' id='word_1_29' title='bbox 1835 690 1911 738; x_wconf 83' lang='grc' dir='ltr'>σκι·</span> 
     </span>
    </p>
   </div>
   <div class='ocr_carea' id='block_1_4' title="bbox 329 786 2017 4812">
    <p class='ocr_par' dir='ltr' id='par_1_4' title="bbox 329 786 1909 1027">
     <span class='ocr_line' id='line_1_5' title="bbox 332 786 1909 896; baseline 0.001 -32"><span class='ocrx_word' id='word_1_30' title='bbox 332 786 409 889; x_wconf 83' lang='grc' dir='ltr'>φίας</span> <span class='ocrx_word' id='word_1_31' title='bbox 435 791 580 866; x_wconf 87' lang='lat' dir='ltr'><strong>admisit</strong></span> <span class='ocrx_word' id='word_1_32' title='bbox 606 790 803 896; x_wconf 85' lang='lat' dir='ltr'><strong>dactylum,</strong></span> <span class='ocrx_word' id='word_1_33' title='bbox 839 795 1013 894; x_wconf 89' lang='lat' dir='ltr'><strong>quoniam</strong></span> <span class='ocrx_word' id='word_1_34' title='bbox 1039 789 1145 864; x_wconf 90' lang='lat' dir='ltr'><strong>aliter</strong></span> <span class='ocrx_word' id='word_1_35' title='bbox 1169 789 1243 864; x_wconf 93' lang='lat' dir='ltr'><strong>hoc</strong></span> <span class='ocrx_word' id='word_1_36' title='bbox 1269 794 1419 865; x_wconf 91' lang='lat' dir='ltr'><strong>nomine</strong></span> <span class='ocrx_word' id='word_1_37' title='bbox 1445 794 1499 864; x_wconf 92' lang='lat' dir='ltr'><strong>uti</strong></span> <span class='ocrx_word' id='word_1_38' title='bbox 1524 815 1602 864; x_wconf 92' lang='lat' dir='ltr'><strong>non</strong></span> <span class='ocrx_word' id='word_1_39' title='bbox 1627 795 1751 893; x_wconf 89' lang='lat' dir='ltr'><strong>potuit</strong></span> <span class='ocrx_word' id='word_1_40' title='bbox 1776 809 1909 894; x_wconf 87' lang='lat' dir='ltr'><strong>poeta;</strong></span> 
     </span>
     <span class='ocr_line' id='line_1_6' title="bbox 329 910 1878 1027; baseline -0.003 -33"><span class='ocrx_word' id='word_1_41' title='bbox 329 946 400 1022; x_wconf 88' lang='lat' dir='ltr'><strong>pro</strong></span> <span class='ocrx_word' id='word_1_42' title='bbox 414 912 557 1027; x_wconf 74' lang='grc' dir='ltr'>χρίμιας</span> <span class='ocrx_word' id='word_1_43' title='bbox 568 936 702 1012; x_wconf 91' lang='lat' dir='ltr'><strong>autem,</strong></span> <span class='ocrx_word' id='word_1_44' title='bbox 725 917 826 1022; x_wconf 90' lang='lat' dir='ltr'><strong>quod</strong></span> <span class='ocrx_word' id='word_1_45' title='bbox 841 934 940 992; x_wconf 90' lang='lat' dir='ltr'><strong>certe</strong></span> <span class='ocrx_word' id='word_1_46' title='bbox 953 913 1097 1025; x_wconf 69' lang='grc' dir='ltr'>χρομίας</span> <span class='ocrx_word' id='word_1_47' title='bbox 1113 915 1348 991; x_wconf 88' lang='lat' dir='ltr'><strong>scribendum</strong></span> <span class='ocrx_word' id='word_1_48' title='bbox 1367 934 1456 1008; x_wconf 88' lang='lat' dir='ltr'><strong>erat,</strong></span> <span class='ocrx_word' id='word_1_49' title='bbox 1478 916 1734 1019; x_wconf 84' lang='lat' dir='ltr'><strong>corrigendum</strong></span> <span class='ocrx_word' id='word_1_50' title='bbox 1747 910 1878 1026; x_wconf 66' lang='grc' dir='ltr'>χρίμα.</span> 
     </span>
    </p>

    <p class='ocr_par' dir='ltr' id='par_1_5' title="bbox 330 1037 1913 2161">
     <span class='ocr_line' id='line_1_7' title="bbox 471 1037 1912 1149; baseline -0.003 -28"><span class='ocrx_word' id='word_1_51' title='bbox 471 1046 561 1121; x_wconf 88' lang='lat' dir='ltr'>VIII</span> <span class='ocrx_word' id='word_1_52' title='bbox 577 1045 752 1148; x_wconf 81' lang='lat' dir='ltr'><strong>p.333d.</strong></span> <span class='ocrx_word' id='word_1_53' title='bbox 781 1044 1064 1149; x_wconf 82' lang='lat' dir='ltr'><strong>Polycharmus:</strong></span> <span class='ocrx_word' id='word_1_54' title='bbox 1098 1045 1117 1129; x_wconf 78' lang='grc' dir='ltr'>ἡ</span> <span class='ocrx_word' id='word_1_55' title='bbox 1145 1038 1213 1116; x_wconf 91' lang='grc' dir='ltr'>δίνα</span> <span class='ocrx_word' id='word_1_56' title='bbox 1238 1040 1291 1116; x_wconf 71' lang='grc' dir='ltr'><strong>ἐπὶ</strong></span> <span class='ocrx_word' id='word_1_57' title='bbox 1315 1044 1370 1129; x_wconf 75' lang='grc' dir='ltr'><strong>τῆς</strong></span> <span class='ocrx_word' id='word_1_58' title='bbox 1395 1037 1585 1135; x_wconf 62' lang='grc' dir='ltr'>ψαμάθον,</span> <span class='ocrx_word' id='word_1_59' title='bbox 1613 1061 1650 1118; x_wconf 84' lang='lat' dir='ltr'><strong>et</strong></span> <span class='ocrx_word' id='word_1_60' title='bbox 1675 1070 1761 1118; x_wconf 86' lang='lat' dir='ltr'><strong>mox</strong></span> <span class='ocrx_word' id='word_1_61' title='bbox 1787 1049 1830 1121; x_wconf 81' lang='grc' dir='ltr'><strong>εἷς</strong></span> <span class='ocrx_word' id='word_1_62' title='bbox 1855 1039 1912 1129; x_wconf 76' lang='grc' dir='ltr'><strong>τὴν</strong></span> 
     </span>
     <span class='ocr_line' id='line_1_8' title="bbox 330 1164 1911 1273; baseline -0.001 -27"><span class='ocrx_word' id='word_1_63' title='bbox 330 1169 413 1246; x_wconf 79' lang='grc' dir='ltr'>δ’ναν</span> <span class='ocrx_word' id='word_1_64' title='bbox 441 1189 477 1246; x_wconf 91' lang='lat' dir='ltr'><strong>et</strong></span> <span class='ocrx_word' id='word_1_65' title='bbox 501 1164 686 1259; x_wconf 75' lang='grc' dir='ltr'><strong>θαλάσσης</strong></span> <span class='ocrx_word' id='word_1_66' title='bbox 712 1174 730 1258; x_wconf 73' lang='grc' dir='ltr'><strong><em>ἡ</em></strong></span> <span class='ocrx_word' id='word_1_67' title='bbox 758 1167 835 1245; x_wconf 84' lang='grc' dir='ltr'>δίνα.</span> <span class='ocrx_word' id='word_1_68' title='bbox 877 1172 922 1245; x_wconf 93' lang='lat' dir='ltr'><strong>Iu</strong></span> <span class='ocrx_word' id='word_1_69' title='bbox 940 1172 996 1245; x_wconf 92' lang='lat' dir='ltr'><strong>his</strong></span> <span class='ocrx_word' id='word_1_70' title='bbox 1022 1166 1103 1263; x_wconf 90' lang='grc' dir='ltr'>δίνα,</span> <span class='ocrx_word' id='word_1_71' title='bbox 1133 1170 1262 1245; x_wconf 88' lang='lat' dir='ltr'><strong>ultima</strong></span> <span class='ocrx_word' id='word_1_72' title='bbox 1287 1168 1481 1273; x_wconf 90' lang='lat' dir='ltr'><strong>producta,</strong></span> <span class='ocrx_word' id='word_1_73' title='bbox 1520 1169 1644 1244; x_wconf 85' lang='lat' dir='ltr'><strong>dorica</strong></span> <span class='ocrx_word' id='word_1_74' title='bbox 1672 1171 1790 1245; x_wconf 86' lang='lat' dir='ltr'><strong>forma</strong></span> <span class='ocrx_word' id='word_1_75' title='bbox 1816 1187 1911 1245; x_wconf 87' lang='lat' dir='ltr'><strong>essct</strong></span> 
     </span>
     <span class='ocr_line' id='line_1_9' title="bbox 330 1292 1912 1403; baseline -0.001 -30"><span class='ocrx_word' id='word_1_76' title='bbox 330 1299 621 1403; x_wconf 78' lang='lat' dir='ltr'><strong>aPolycharmo</strong></span> <span class='ocrx_word' id='word_1_77' title='bbox 650 1297 781 1373; x_wconf 88' lang='lat' dir='ltr'><strong>aliena.</strong></span> <span class='ocrx_word' id='word_1_78' title='bbox 837 1296 1082 1373; x_wconf 77' lang='lat' dir='ltr'><strong>scribendum</strong></span> <span class='ocrx_word' id='word_1_79' title='bbox 1112 1301 1222 1399; x_wconf 83' lang='lat' dir='ltr'><strong>igitur</strong></span> <span class='ocrx_word' id='word_1_80' title='bbox 1252 1299 1270 1384; x_wconf 81' lang='grc' dir='ltr'>ἡ</span> <span class='ocrx_word' id='word_1_81' title='bbox 1304 1292 1386 1387; x_wconf 86' lang='grc' dir='ltr'>δῖνα,</span> <span class='ocrx_word' id='word_1_82' title='bbox 1424 1323 1517 1399; x_wconf 88' lang='lat' dir='ltr'><strong>quae</strong></span> <span class='ocrx_word' id='word_1_83' title='bbox 1543 1297 1699 1399; x_wconf 84' lang='lat' dir='ltr'><strong>vulgaris</strong></span> <span class='ocrx_word' id='word_1_84' title='bbox 1734 1300 1912 1372; x_wconf 86' lang='lat' dir='ltr'><strong>sermonis</strong></span> 
     </span>
     <span class='ocr_line' id='line_1_10' title="bbox 330 1416 1912 1533; baseline -0.003 -33"><span class='ocrx_word' id='word_1_85' title='bbox 330 1427 448 1500; x_wconf 89' lang='lat' dir='ltr'><strong>forma</strong></span> <span class='ocrx_word' id='word_1_86' title='bbox 483 1440 538 1499; x_wconf 89' lang='lat' dir='ltr'><strong>est</strong></span> <span class='ocrx_word' id='word_1_87' title='bbox 567 1451 638 1527; x_wconf 91' lang='lat' dir='ltr'><strong>pro</strong></span> <span class='ocrx_word' id='word_1_88' title='bbox 671 1428 781 1500; x_wconf 89' lang='lat' dir='ltr'><strong>attico</strong></span> <span class='ocrx_word' id='word_1_89' title='bbox 815 1419 888 1510; x_wconf 89' lang='grc' dir='ltr'>δίνη.</span> <span class='ocrx_word' id='word_1_90' title='bbox 939 1423 1079 1498; x_wconf 89' lang='lat' dir='ltr'><strong>Eadem</strong></span> <span class='ocrx_word' id='word_1_91' title='bbox 1109 1428 1204 1498; x_wconf 89' lang='lat' dir='ltr'><strong>ratio</strong></span> <span class='ocrx_word' id='word_1_92' title='bbox 1237 1441 1291 1499; x_wconf 90' lang='lat' dir='ltr'><strong>est</strong></span> <span class='ocrx_word' id='word_1_93' title='bbox 1316 1427 1507 1498; x_wconf 87' lang='lat' dir='ltr'><strong>nominum</strong></span> <span class='ocrx_word' id='word_1_94' title='bbox 1532 1426 1602 1533; x_wconf 77' lang='grc' dir='ltr'>ῥῖνα</span> <span class='ocrx_word' id='word_1_95' title='bbox 1634 1440 1670 1499; x_wconf 92' lang='lat' dir='ltr'><strong>et</strong></span> <span class='ocrx_word' id='word_1_96' title='bbox 1701 1419 1776 1533; x_wconf 77' lang='grc' dir='ltr'>ῥίνη,</span> <span class='ocrx_word' id='word_1_97' title='bbox 1809 1416 1912 1531; x_wconf 92' lang='grc' dir='ltr'>νάρκα</span> 
     </span>
     <span class='ocr_line' id='line_1_11' title="bbox 331 1540 1910 1660; baseline -0.003 -34"><span class='ocrx_word' id='word_1_98' title='bbox 331 1569 367 1626; x_wconf 86' lang='lat' dir='ltr'><strong>et</strong></span> <span class='ocrx_word' id='word_1_99' title='bbox 394 1543 503 1660; x_wconf 90' lang='grc' dir='ltr'>νάρκη,</span> <span class='ocrx_word' id='word_1_100' title='bbox 531 1556 624 1623; x_wconf 83' lang='grc' dir='ltr'>πεῖνα</span> <span class='ocrx_word' id='word_1_101' title='bbox 645 1568 682 1625; x_wconf 89' lang='lat' dir='ltr'><strong>et</strong></span> <span class='ocrx_word' id='word_1_102' title='bbox 705 1545 802 1638; x_wconf 83' lang='grc' dir='ltr'>πείνη,</span> <span class='ocrx_word' id='word_1_103' title='bbox 829 1546 937 1641; x_wconf 81' lang='grc' dir='ltr'>μίνθα</span> <span class='ocrx_word' id='word_1_104' title='bbox 962 1567 999 1624; x_wconf 84' lang='lat' dir='ltr'><strong>et</strong></span> <span class='ocrx_word' id='word_1_105' title='bbox 1017 1544 1132 1641; x_wconf 84' lang='grc' dir='ltr'>μίνθη,</span> <span class='ocrx_word' id='word_1_106' title='bbox 1157 1542 1267 1642; x_wconf 85' lang='grc' dir='ltr'>τάλμα</span> <span class='ocrx_word' id='word_1_107' title='bbox 1293 1567 1330 1625; x_wconf 88' lang='lat' dir='ltr'><strong>et</strong></span> <span class='ocrx_word' id='word_1_108' title='bbox 1354 1540 1470 1641; x_wconf 60' lang='grc' dir='ltr'><strong>τίλμη.</strong></span> <span class='ocrx_word' id='word_1_109' title='bbox 1495 1545 1610 1658; x_wconf 72' lang='grc' dir='ltr'>θὲρμα</span> <span class='ocrx_word' id='word_1_110' title='bbox 1636 1566 1673 1626; x_wconf 89' lang='lat' dir='ltr'><strong>et</strong></span> <span class='ocrx_word' id='word_1_111' title='bbox 1697 1545 1820 1659; x_wconf 78' lang='grc' dir='ltr'>θέρμη,</span> <span class='ocrx_word' id='word_1_112' title='bbox 1845 1540 1910 1640; x_wconf 83' lang='grc' dir='ltr'>μά·</span> 
     </span>
     <span class='ocr_line' id='line_1_12' title="bbox 330 1665 1913 1787; baseline -0.002 -36"><span class='ocrx_word' id='word_1_113' title='bbox 330 1691 405 1787; x_wconf 88' lang='grc' dir='ltr'>ριλα</span> <span class='ocrx_word' id='word_1_114' title='bbox 429 1695 465 1754; x_wconf 91' lang='lat' dir='ltr'><strong>et</strong></span> <span class='ocrx_word' id='word_1_115' title='bbox 490 1674 620 1787; x_wconf 85' lang='grc' dir='ltr'>μαρίλη,</span> <span class='ocrx_word' id='word_1_116' title='bbox 651 1670 782 1786; x_wconf 79' lang='grc' dir='ltr'>πράμνα</span> <span class='ocrx_word' id='word_1_117' title='bbox 809 1694 846 1752; x_wconf 92' lang='lat' dir='ltr'><strong>et</strong></span> <span class='ocrx_word' id='word_1_118' title='bbox 872 1669 1006 1785; x_wconf 78' lang='grc' dir='ltr'>πρύμνη,</span> <span class='ocrx_word' id='word_1_119' title='bbox 1036 1665 1184 1756; x_wconf 89' lang='grc' dir='ltr'>βλάστα</span> <span class='ocrx_word' id='word_1_120' title='bbox 1210 1693 1246 1751; x_wconf 84' lang='lat' dir='ltr'><strong>et</strong></span> <span class='ocrx_word' id='word_1_121' title='bbox 1270 1667 1423 1764; x_wconf 87' lang='grc' dir='ltr'>βλάστη,</span> <span class='ocrx_word' id='word_1_122' title='bbox 1455 1669 1562 1776; x_wconf 84' lang='grc' dir='ltr'>άφθα</span> <span class='ocrx_word' id='word_1_123' title='bbox 1588 1693 1625 1751; x_wconf 87' lang='lat' dir='ltr'><strong>et</strong></span> <span class='ocrx_word' id='word_1_124' title='bbox 1650 1668 1764 1776; x_wconf 83' lang='grc' dir='ltr'>άφθη,</span> <span class='ocrx_word' id='word_1_125' title='bbox 1791 1671 1913 1784; x_wconf 76' lang='grc' dir='ltr'>τρίγλα</span> 
     </span>
     <span class='ocr_line' id='line_1_13' title="bbox 331 1799 1912 1914; baseline -0.004 -35"><span class='ocrx_word' id='word_1_126' title='bbox 331 1823 368 1880; x_wconf 91' lang='lat' dir='ltr'><strong>et</strong></span> <span class='ocrx_word' id='word_1_127' title='bbox 400 1801 530 1914; x_wconf 70' lang='grc' dir='ltr'>τρίγλη,</span> <span class='ocrx_word' id='word_1_128' title='bbox 573 1821 610 1879; x_wconf 87' lang='lat' dir='ltr'><strong>et</strong></span> <span class='ocrx_word' id='word_1_129' title='bbox 642 1804 797 1878; x_wconf 88' lang='lat' dir='ltr'><strong>aliorum</strong></span> <span class='ocrx_word' id='word_1_130' title='bbox 829 1803 992 1878; x_wconf 87' lang='lat' dir='ltr'><strong>eiusdem</strong></span> <span class='ocrx_word' id='word_1_131' title='bbox 1029 1808 1169 1906; x_wconf 84' lang='lat' dir='ltr'><strong>generis</strong></span> <span class='ocrx_word' id='word_1_132' title='bbox 1204 1805 1465 1908; x_wconf 90' lang='lat' dir='ltr'><strong>complurium,</strong></span> <span class='ocrx_word' id='word_1_133' title='bbox 1510 1805 1643 1907; x_wconf 89' lang='lat' dir='ltr'><strong>quibus</strong></span> <span class='ocrx_word' id='word_1_134' title='bbox 1680 1801 1773 1878; x_wconf 92' lang='lat' dir='ltr'><strong>adde</strong></span> <span class='ocrx_word' id='word_1_135' title='bbox 1811 1799 1912 1874; x_wconf 86' lang='grc' dir='ltr'>θοῖνα</span> 
     </span>
     <span class='ocr_line' id='line_1_14' title="bbox 331 1925 1912 2034; baseline -0.003 -28"><span class='ocrx_word' id='word_1_136' title='bbox 331 1949 368 2006; x_wconf 87' lang='lat' dir='ltr'><strong>et</strong></span> <span class='ocrx_word' id='word_1_137' title='bbox 394 1928 502 2024; x_wconf 91' lang='grc' dir='ltr'>θοίνη,</span> <span class='ocrx_word' id='word_1_138' title='bbox 534 1957 692 2034; x_wconf 91' lang='lat' dir='ltr'><strong>quorum</strong></span> <span class='ocrx_word' id='word_1_139' title='bbox 718 1929 811 2004; x_wconf 94' lang='lat' dir='ltr'><strong>illud</strong></span> <span class='ocrx_word' id='word_1_140' title='bbox 839 1935 927 2005; x_wconf 85' lang='lat' dir='ltr'><strong>item</strong></span> <span class='ocrx_word' id='word_1_141' title='bbox 952 1930 1063 2032; x_wconf 84' lang='lat' dir='ltr'><strong>vulgo</strong></span> <span class='ocrx_word' id='word_1_142' title='bbox 1089 1925 1189 2003; x_wconf 87' lang='grc' dir='ltr'>θοίνα</span> <span class='ocrx_word' id='word_1_143' title='bbox 1215 1935 1390 2034; x_wconf 88' lang='lat' dir='ltr'><strong>scriptum</strong></span> <span class='ocrx_word' id='word_1_144' title='bbox 1417 1948 1498 2006; x_wconf 55' lang='lat' dir='ltr'><strong>ests</strong></span> <span class='ocrx_word' id='word_1_145' title='bbox 1538 1930 1619 2006; x_wconf 89' lang='lat' dir='ltr'><strong>Nec</strong></span> <span class='ocrx_word' id='word_1_146' title='bbox 1645 1947 1829 2006; x_wconf 87' lang='lat' dir='ltr'><strong>correctus</strong></span> <span class='ocrx_word' id='word_1_147' title='bbox 1857 1946 1912 2004; x_wconf 88' lang='lat' dir='ltr'><strong>est</strong></span> 
     </span>
     <span class='ocr_line' id='line_1_15' title="bbox 330 2035 1140 2161; baseline -0.002 -28"><span class='ocrx_word' id='word_1_148' title='bbox 330 2035 434 2133; x_wconf 82' lang='lat' dir='ltr'><strong>error</strong></span> <span class='ocrx_word' id='word_1_149' title='bbox 459 2065 498 2133; x_wconf 91' lang='lat' dir='ltr'><strong>in</strong></span> <span class='ocrx_word' id='word_1_150' title='bbox 524 2085 623 2134; x_wconf 82' lang='lat' dir='ltr'><strong>noro</strong></span> <span class='ocrx_word' id='word_1_151' title='bbox 650 2059 699 2132; x_wconf 89' lang='grc' dir='ltr'><strong>Η.</strong></span> <span class='ocrx_word' id='word_1_152' title='bbox 729 2057 908 2161; x_wconf 84' lang='lat' dir='ltr'><strong>Stephani</strong></span> <span class='ocrx_word' id='word_1_153' title='bbox 934 2057 1140 2132; x_wconf 83' lang='lat' dir='ltr'><strong>Thesauro.</strong></span> 
     </span>
    </p>

    <p class='ocr_par' dir='ltr' id='par_1_6' title="bbox 329 2174 2017 2535">
     <span class='ocr_line' id='line_1_16' title="bbox 470 2174 1911 2293; baseline -0.003 -34"><span class='ocrx_word' id='word_1_154' title='bbox 470 2185 560 2259; x_wconf 90' lang='lat' dir='ltr'>VIII</span> <span class='ocrx_word' id='word_1_155' title='bbox 577 2212 616 2287; x_wconf 86' lang='lat' dir='ltr'><strong>p.</strong></span> <span class='ocrx_word' id='word_1_156' title='bbox 628 2188 702 2258; x_wconf 88' lang='grc'><strong>362</strong></span> <span class='ocrx_word' id='word_1_157' title='bbox 716 2186 755 2258; x_wconf 87' lang='lat' dir='ltr'><strong>h.</strong></span> <span class='ocrx_word' id='word_1_158' title='bbox 793 2179 1004 2293; x_wconf 76' lang='grc' dir='ltr'>Ἐπίχαρμος</span> <span class='ocrx_word' id='word_1_159' title='bbox 1028 2188 1059 2256; x_wconf 79' lang='grc' dir='ltr'><strong>ἓν</strong></span> <span class='ocrx_word' id='word_1_160' title='bbox 1086 2189 1151 2261; x_wconf 78' lang='grc' dir='ltr'>τοῖς</span> <span class='ocrx_word' id='word_1_161' title='bbox 1176 2189 1311 2293; x_wconf 78' lang='grc' dir='ltr'>Θεαροῖς</span> <span class='ocrx_word' id='word_1_162' title='bbox 1335 2177 1493 2275; x_wconf 82' lang='grc' dir='ltr'>μίμνηται</span> <span class='ocrx_word' id='word_1_163' title='bbox 1519 2185 1576 2257; x_wconf 80' lang='grc' dir='ltr'><strong>τοῦ</strong></span> <span class='ocrx_word' id='word_1_164' title='bbox 1593 2174 1861 2273; x_wconf 77' lang='grc' dir='ltr'>βαλλισμοῦ...</span> <span class='ocrx_word' id='word_1_165' title='bbox 1880 2187 1911 2254; x_wconf 81' lang='grc' dir='ltr'><strong>ἓν</strong></span> 
     </span>
     <span class='ocr_line' id='line_1_17' title="bbox 331 2301 2017 2419; baseline -0.001 -36"><span class='ocrx_word' id='word_1_166' title='bbox 331 2304 380 2384; x_wconf 70' lang='grc' dir='ltr'><strong>οὖν</strong></span> <span class='ocrx_word' id='word_1_167' title='bbox 405 2314 452 2404; x_wconf 79' lang='grc' dir='ltr'><strong>τῷ</strong></span> <span class='ocrx_word' id='word_1_168' title='bbox 478 2302 619 2419; x_wconf 88' lang='grc' dir='ltr'>δράματι</span> <span class='ocrx_word' id='word_1_169' title='bbox 650 2315 678 2382; x_wconf 81' lang='grc' dir='ltr'><strong>οἱ</strong></span> <span class='ocrx_word' id='word_1_170' title='bbox 705 2307 825 2418; x_wconf 70' lang='grc' dir='ltr'>θεωροὶ</span> <span class='ocrx_word' id='word_1_171' title='bbox 852 2310 1063 2419; x_wconf 78' lang='grc' dir='ltr'>καθορῶντες</span> <span class='ocrx_word' id='word_1_172' title='bbox 1085 2304 1130 2386; x_wconf 84' lang='grc' dir='ltr'>τά</span> <span class='ocrx_word' id='word_1_173' title='bbox 1154 2314 1184 2383; x_wconf 81' lang='grc' dir='ltr'><strong>ἓν</strong></span> <span class='ocrx_word' id='word_1_174' title='bbox 1210 2309 1329 2384; x_wconf 82' lang='grc' dir='ltr'>Πυθοῖ</span> <span class='ocrx_word' id='word_1_175' title='bbox 1347 2304 1553 2404; x_wconf 70' lang='grc' dir='ltr'>ἀναθήματα</span> <span class='ocrx_word' id='word_1_176' title='bbox 1585 2307 1641 2385; x_wconf 79' lang='grc' dir='ltr'>καί</span> <span class='ocrx_word' id='word_1_177' title='bbox 1670 2307 1741 2419; x_wconf 80' lang='grc' dir='ltr'>περί</span> <span class='ocrx_word' id='word_1_178' title='bbox 1766 2301 1909 2383; x_wconf 81' lang='grc' dir='ltr'>ἑκάστου</span> <span class='ocrx_word' id='word_1_179' title='bbox 2014 2308 2017 2312; x_wconf 55' lang='grc'>’</span> 
     </span>
     <span class='ocr_line' id='line_1_18' title="bbox 329 2429 790 2535; baseline -0.009 -25"><span class='ocrx_word' id='word_1_180' title='bbox 329 2431 478 2526; x_wconf 70' lang='grc' dir='ltr'>λε”γοντὲς</span> <span class='ocrx_word' id='word_1_181' title='bbox 506 2456 592 2535; x_wconf 84' lang='grc' dir='ltr'>φασι</span> <span class='ocrx_word' id='word_1_182' title='bbox 618 2431 673 2509; x_wconf 79' lang='grc' dir='ltr'>καί</span> <span class='ocrx_word' id='word_1_183' title='bbox 697 2429 790 2508; x_wconf 88' lang='grc' dir='ltr'>τάδε·</span> 
     </span>
    </p>

    <p class='ocr_par' dir='ltr' id='par_1_7' title="bbox 686 2551 1554 2669">
     <span class='ocr_line' id='line_1_19' title="bbox 686 2551 1554 2669; baseline 0.001 -35"><span class='ocrx_word' id='word_1_184' title='bbox 686 2551 833 2668; x_wconf 82' lang='grc' dir='ltr'>Κιθάρα,</span> <span class='ocrx_word' id='word_1_185' title='bbox 860 2555 1015 2668; x_wconf 82' lang='grc' dir='ltr'>τρίποδες,</span> <span class='ocrx_word' id='word_1_186' title='bbox 1041 2553 1184 2669; x_wconf 83' lang='grc' dir='ltr'>άρματα,</span> <span class='ocrx_word' id='word_1_187' title='bbox 1209 2555 1370 2668; x_wconf 78' lang='grc' dir='ltr'>τράπεζαι</span> <span class='ocrx_word' id='word_1_188' title='bbox 1393 2558 1554 2654; x_wconf 70' lang='grc' dir='ltr'>χαλκίαι,</span> 
     </span>
    </p>

    <p class='ocr_par' dir='ltr' id='par_1_8' title="bbox 686 2676 1421 2794">
     <span class='ocr_line' id='line_1_20' title="bbox 686 2676 1421 2794; baseline 0 -35"><span class='ocrx_word' id='word_1_189' title='bbox 686 2676 873 2794; x_wconf 69' lang='grc' dir='ltr'>χειράνιβα,</span> <span class='ocrx_word' id='word_1_190' title='bbox 899 2677 1075 2768; x_wconf 87' lang='grc' dir='ltr'>λοιβάσια,</span> <span class='ocrx_word' id='word_1_191' title='bbox 1100 2677 1242 2773; x_wconf 76' lang='grc' dir='ltr'>λέβητες</span> <span class='ocrx_word' id='word_1_192' title='bbox 1266 2679 1421 2780; x_wconf 72' lang='grc' dir='ltr'>χάλκεοι,</span> 
     </span>
    </p>

    <p class='ocr_par' dir='ltr' id='par_1_9' title="bbox 687 2807 1512 2922">
     <span class='ocr_line' id='line_1_21' title="bbox 687 2807 1512 2922; baseline 0.006 -36"><span class='ocrx_word' id='word_1_193' title='bbox 687 2815 851 2922; x_wconf 74' lang='grc' dir='ltr'>κρατῆρες,</span> <span class='ocrx_word' id='word_1_194' title='bbox 879 2808 988 2886; x_wconf 75' lang='grc' dir='ltr'>ὀδελοί.</span> <span class='ocrx_word' id='word_1_195' title='bbox 1027 2825 1054 2884; x_wconf 90' lang='grc' dir='ltr'>Β</span> <span class='ocrx_word' id='word_1_196' title='bbox 1081 2817 1146 2890; x_wconf 80' lang='grc' dir='ltr'>τοῖς</span> <span class='ocrx_word' id='word_1_197' title='bbox 1172 2844 1220 2902; x_wconf 76' lang='grc' dir='ltr'>γα</span> <span class='ocrx_word' id='word_1_198' title='bbox 1247 2809 1312 2905; x_wconf 83' lang='grc' dir='ltr'>μάν</span> <span class='ocrx_word' id='word_1_199' title='bbox 1337 2807 1512 2891; x_wconf 71' lang='grc' dir='ltr'>ὑπωδέλοις</span> 
     </span>
    </p>

    <p class='ocr_par' dir='ltr' id='par_1_10' title="bbox 329 2930 1911 4812">
     <span class='ocr_line' id='line_1_22' title="bbox 686 2930 1490 3049; baseline -0.001 -36"><span class='ocrx_word' id='word_1_200' title='bbox 686 2937 741 3013; x_wconf 80' lang='grc' dir='ltr'>καί</span> <span class='ocrx_word' id='word_1_201' title='bbox 765 2953 852 3014; x_wconf 84' lang='grc' dir='ltr'>λωτε</span> <span class='ocrx_word' id='word_1_202' title='bbox 876 2930 1139 3031; x_wconf 79' lang='grc' dir='ltr'>βαλλίζοντεσσι</span> <span class='ocrx_word' id='word_1_203' title='bbox 1163 2930 1264 3014; x_wconf 79' lang='grc' dir='ltr'>ἷίσσον</span> <span class='ocrx_word' id='word_1_204' title='bbox 1289 2944 1409 3049; x_wconf 74' lang='grc' dir='ltr'>χρῆμα</span> <span class='ocrx_word' id='word_1_205' title='bbox 1436 2936 1490 3027; x_wconf 84' lang='grc' dir='ltr'><strong>είη.</strong></span> 
     </span>
     <span class='ocr_line' id='line_1_23' title="bbox 329 3066 1909 3161; baseline -0.001 -17"><span class='ocrx_word' id='word_1_206' title='bbox 329 3074 386 3145; x_wconf 85' lang='lat' dir='ltr'><strong>Ex</strong></span> <span class='ocrx_word' id='word_1_207' title='bbox 412 3070 468 3144; x_wconf 92' lang='lat' dir='ltr'><strong>his</strong></span> <span class='ocrx_word' id='word_1_208' title='bbox 494 3072 676 3144; x_wconf 89' lang='lat' dir='ltr'><strong>coniicere</strong></span> <span class='ocrx_word' id='word_1_209' title='bbox 702 3067 829 3141; x_wconf 86' lang='lat' dir='ltr'><strong>licebit</strong></span> <span class='ocrx_word' id='word_1_210' title='bbox 854 3067 1000 3141; x_wconf 87' lang='lat' dir='ltr'><strong>labulae</strong></span> <span class='ocrx_word' id='word_1_211' title='bbox 1026 3067 1134 3141; x_wconf 91' lang='lat' dir='ltr'><strong>huius</strong></span> <span class='ocrx_word' id='word_1_212' title='bbox 1152 3094 1299 3142; x_wconf 89' lang='lat' dir='ltr'><strong>scenam</strong></span> <span class='ocrx_word' id='word_1_213' title='bbox 1317 3073 1366 3142; x_wconf 89' lang='lat' dir='ltr'><strong>ita</strong></span> <span class='ocrx_word' id='word_1_214' title='bbox 1393 3070 1503 3143; x_wconf 86' lang='lat' dir='ltr'><strong>fuisse</strong></span> <span class='ocrx_word' id='word_1_215' title='bbox 1530 3066 1757 3161; x_wconf 89' lang='lat' dir='ltr'><strong>adornatam,</strong></span> <span class='ocrx_word' id='word_1_216' title='bbox 1787 3084 1828 3143; x_wconf 91' lang='lat' dir='ltr'><strong>ut</strong></span> <span class='ocrx_word' id='word_1_217' title='bbox 1854 3073 1909 3142; x_wconf 92' lang='lat' dir='ltr'><strong>in-</strong></span> 
     </span>
     <span class='ocr_line' id='line_1_24' title="bbox 329 3192 1910 3298; baseline -0.001 -27"><span class='ocrx_word' id='word_1_218' title='bbox 329 3202 443 3271; x_wconf 89' lang='lat' dir='ltr'><strong>terior</strong></span> <span class='ocrx_word' id='word_1_219' title='bbox 468 3223 551 3298; x_wconf 85' lang='lat' dir='ltr'><strong>pars</strong></span> <span class='ocrx_word' id='word_1_220' title='bbox 576 3193 707 3295; x_wconf 91' lang='lat' dir='ltr'><strong>templi</strong></span> <span class='ocrx_word' id='word_1_221' title='bbox 731 3192 906 3295; x_wconf 89' lang='lat' dir='ltr'><strong>Delphici</strong></span> <span class='ocrx_word' id='word_1_222' title='bbox 930 3210 1276 3295; x_wconf 87' lang='lat' dir='ltr'><strong>repraesentaretur,</strong></span> <span class='ocrx_word' id='word_1_223' title='bbox 1312 3200 1578 3298; x_wconf 89' lang='lat' dir='ltr'><strong>circumpositis</strong></span> <span class='ocrx_word' id='word_1_224' title='bbox 1606 3194 1779 3288; x_wconf 88' lang='lat' dir='ltr'><strong>donariis,</strong></span> <span class='ocrx_word' id='word_1_225' title='bbox 1816 3220 1910 3298; x_wconf 88' lang='lat' dir='ltr'><strong>quae</strong></span> 
     </span>
     <span class='ocr_line' id='line_1_25' title="bbox 331 3318 1906 3421; baseline -0.001 -24"><span class='ocrx_word' id='word_1_226' title='bbox 331 3321 492 3397; x_wconf 80' lang='lat' dir='ltr'><strong>studiose</strong></span> <span class='ocrx_word' id='word_1_227' title='bbox 518 3319 808 3420; x_wconf 87' lang='lat' dir='ltr'><strong>contemplantes</strong></span> <span class='ocrx_word' id='word_1_228' title='bbox 834 3318 956 3391; x_wconf 79' lang='lat' dir='ltr'><strong>theoni</strong></span> <span class='ocrx_word' id='word_1_229' title='bbox 981 3319 1130 3420; x_wconf 84' lang='lat' dir='ltr'><strong>singulis</strong></span> <span class='ocrx_word' id='word_1_230' title='bbox 1157 3319 1295 3421; x_wconf 89' lang='lat' dir='ltr'><strong>aliquid</strong></span> <span class='ocrx_word' id='word_1_231' title='bbox 1313 3322 1502 3393; x_wconf 84' lang='lat' dir='ltr'><strong>verniliter</strong></span> <span class='ocrx_word' id='word_1_232' title='bbox 1528 3321 1666 3394; x_wconf 89' lang='lat' dir='ltr'><strong>dictum</strong></span> <span class='ocrx_word' id='word_1_233' title='bbox 1686 3323 1906 3395; x_wconf 85' lang='lat' dir='ltr'><strong>inferebant.</strong></span> 
     </span>
     <span class='ocr_line' id='line_1_26' title="bbox 330 3434 1908 3550; baseline -0.001 -27"><span class='ocrx_word' id='word_1_234' title='bbox 330 3447 459 3523; x_wconf 89' lang='lat' dir='ltr'><strong>Priora</strong></span> <span class='ocrx_word' id='word_1_235' title='bbox 484 3448 596 3523; x_wconf 84' lang='lat' dir='ltr'><strong>verba</strong></span> <span class='ocrx_word' id='word_1_236' title='bbox 626 3472 744 3548; x_wconf 90' lang='lat' dir='ltr'><strong>usque</strong></span> <span class='ocrx_word' id='word_1_237' title='bbox 776 3443 821 3519; x_wconf 83' lang='lat' dir='ltr'><strong>ad</strong></span> <span class='ocrx_word' id='word_1_238' title='bbox 855 3434 1019 3524; x_wconf 86' lang='grc' dir='ltr'>λοιβάσια</span> <span class='ocrx_word' id='word_1_239' title='bbox 1051 3444 1169 3519; x_wconf 90' lang='lat' dir='ltr'><strong>adieci</strong></span> <span class='ocrx_word' id='word_1_240' title='bbox 1194 3471 1238 3519; x_wconf 85' lang='lat' dir='ltr'><strong>ex</strong></span> <span class='ocrx_word' id='word_1_241' title='bbox 1264 3446 1362 3521; x_wconf 92' lang='lat' dir='ltr'><strong>libro</strong></span> <span class='ocrx_word' id='word_1_242' title='bbox 1379 3444 1631 3548; x_wconf 80' lang='lat' dir='ltr'><strong>IXp.1l08d.</strong></span> <span class='ocrx_word' id='word_1_243' title='bbox 1685 3446 1731 3519; x_wconf 87' lang='lat' dir='ltr'><strong>ln</strong></span> <span class='ocrx_word' id='word_1_244' title='bbox 1756 3446 1812 3520; x_wconf 93' lang='lat' dir='ltr'><strong>his</strong></span> <span class='ocrx_word' id='word_1_245' title='bbox 1838 3474 1908 3550; x_wconf 92' lang='lat' dir='ltr'><strong>pro</strong></span> 
     </span>
     <span class='ocr_line' id='line_1_27' title="bbox 332 3566 1911 3683; baseline -0.001 -35"><span class='ocrx_word' id='word_1_246' title='bbox 332 3566 473 3682; x_wconf 91' lang='grc' dir='ltr'>κιθάρα,</span> <span class='ocrx_word' id='word_1_247' title='bbox 516 3601 630 3676; x_wconf 89' lang='lat' dir='ltr'><strong>quum</strong></span> <span class='ocrx_word' id='word_1_248' title='bbox 663 3589 784 3648; x_wconf 89' lang='lat' dir='ltr'><strong>cetera</strong></span> <span class='ocrx_word' id='word_1_249' title='bbox 819 3578 940 3647; x_wconf 88' lang='lat' dir='ltr'><strong>omnia</strong></span> <span class='ocrx_word' id='word_1_250' title='bbox 973 3573 1108 3676; x_wconf 88' lang='lat' dir='ltr'><strong>plurali</strong></span> <span class='ocrx_word' id='word_1_251' title='bbox 1142 3599 1296 3648; x_wconf 88' lang='lat' dir='ltr'><strong>numero</strong></span> <span class='ocrx_word' id='word_1_252' title='bbox 1331 3573 1542 3665; x_wconf 83' lang='lat' dir='ltr'><strong>efferantur,</strong></span> <span class='ocrx_word' id='word_1_253' title='bbox 1580 3573 1734 3647; x_wconf 86' lang='lat' dir='ltr'><strong>fortasse</strong></span> <span class='ocrx_word' id='word_1_254' title='bbox 1771 3566 1911 3683; x_wconf 85' lang='grc' dir='ltr'>κιθάραν</span> 
     </span>
     <span class='ocr_line' id='line_1_28' title="bbox 329 3695 1909 3809; baseline -0.001 -33"><span class='ocrx_word' id='word_1_255' title='bbox 329 3699 568 3777; x_wconf 89' lang='lat' dir='ltr'><strong>scribendam.</strong></span> <span class='ocrx_word' id='word_1_256' title='bbox 597 3698 736 3774; x_wconf 89' lang='lat' dir='ltr'><strong>Currus</strong></span> <span class='ocrx_word' id='word_1_257' title='bbox 750 3703 788 3772; x_wconf 89' lang='lat' dir='ltr'><strong>in</strong></span> <span class='ocrx_word' id='word_1_258' title='bbox 803 3697 962 3773; x_wconf 89' lang='lat' dir='ltr'><strong>donariis</strong></span> <span class='ocrx_word' id='word_1_259' title='bbox 977 3716 1225 3774; x_wconf 87' lang='lat' dir='ltr'><strong>memorantur</strong></span> <span class='ocrx_word' id='word_1_260' title='bbox 1233 3704 1342 3774; x_wconf 92' lang='lat' dir='ltr'><strong>etiam</strong></span> <span class='ocrx_word' id='word_1_261' title='bbox 1356 3698 1452 3802; x_wconf 93' lang='lat' dir='ltr'><strong>apud</strong></span> <span class='ocrx_word' id='word_1_262' title='bbox 1468 3698 1619 3775; x_wconf 87' lang='lat' dir='ltr'><strong>Suidam</strong></span> <span class='ocrx_word' id='word_1_263' title='bbox 1635 3729 1666 3776; x_wconf 81' lang='lat' dir='ltr'><strong>v.</strong></span> <span class='ocrx_word' id='word_1_264' title='bbox 1682 3695 1788 3809; x_wconf 88' lang='grc' dir='ltr'>Παρία</span> <span class='ocrx_word' id='word_1_265' title='bbox 1800 3697 1909 3779; x_wconf 78' lang='grc' dir='ltr'>λίθος.</span> 
     </span>
     <span class='ocr_line' id='line_1_29' title="bbox 329 3823 1910 3930; baseline 0.001 -29"><span class='ocrx_word' id='word_1_266' title='bbox 329 3829 511 3902; x_wconf 84' lang='lat' dir='ltr'><strong>Verucula</strong></span> <span class='ocrx_word' id='word_1_267' title='bbox 544 3831 653 3902; x_wconf 89' lang='lat' dir='ltr'><strong>tertio</strong></span> <span class='ocrx_word' id='word_1_268' title='bbox 687 3852 795 3902; x_wconf 83' lang='lat' dir='ltr'><strong>versu</strong></span> <span class='ocrx_word' id='word_1_269' title='bbox 831 3840 1114 3899; x_wconf 85' lang='lat' dir='ltr'><strong>commemorata</strong></span> <span class='ocrx_word' id='word_1_270' title='bbox 1151 3823 1273 3900; x_wconf 86' lang='lat' dir='ltr'><strong>dicere</strong></span> <span class='ocrx_word' id='word_1_271' title='bbox 1306 3824 1452 3901; x_wconf 79' lang='lat' dir='ltr'><strong>videtur</strong></span> <span class='ocrx_word' id='word_1_272' title='bbox 1485 3852 1540 3916; x_wconf 91' lang='lat' dir='ltr'><strong>ea,</strong></span> <span class='ocrx_word' id='word_1_273' title='bbox 1585 3853 1679 3930; x_wconf 88' lang='lat' dir='ltr'><strong>quae</strong></span> <span class='ocrx_word' id='word_1_274' title='bbox 1713 3826 1910 3930; x_wconf 88' lang='lat' dir='ltr'><strong>Rhodopis</strong></span> 
     </span>
     <span class='ocr_line' id='line_1_30' title="bbox 331 3950 1907 4056; baseline 0.002 -30"><span class='ocrx_word' id='word_1_275' title='bbox 331 3970 624 4045; x_wconf 81' lang='lat' dir='ltr'><strong>consecraverat3</strong></span> <span class='ocrx_word' id='word_1_276' title='bbox 661 3952 708 4027; x_wconf 91' lang='lat' dir='ltr'><strong>de</strong></span> <span class='ocrx_word' id='word_1_277' title='bbox 736 3980 807 4056; x_wconf 90' lang='lat' dir='ltr'><strong>qua</strong></span> <span class='ocrx_word' id='word_1_278' title='bbox 834 3979 874 4027; x_wconf 91' lang='lat' dir='ltr'><strong>re</strong></span> <span class='ocrx_word' id='word_1_279' title='bbox 900 3951 984 4029; x_wconf 85' lang='lat' dir='ltr'><strong>vide</strong></span> <span class='ocrx_word' id='word_1_280' title='bbox 1019 3978 1113 4054; x_wconf 90' lang='lat' dir='ltr'><strong>quae</strong></span> <span class='ocrx_word' id='word_1_281' title='bbox 1146 3950 1219 4025; x_wconf 80' lang='lat' dir='ltr'><strong>dixi</strong></span> <span class='ocrx_word' id='word_1_282' title='bbox 1253 3951 1397 4028; x_wconf 87' lang='lat' dir='ltr'><strong>Comic.</strong></span> <span class='ocrx_word' id='word_1_283' title='bbox 1434 3979 1552 4054; x_wconf 77' lang='lat' dir='ltr'><strong>graec.</strong></span> <span class='ocrx_word' id='word_1_284' title='bbox 1581 3954 1620 4026; x_wconf 91' lang='lat' dir='ltr'>H</span> <span class='ocrx_word' id='word_1_285' title='bbox 1644 3961 1784 4056; x_wconf 84' lang='lat' dir='ltr'><strong>p.181.</strong></span> <span class='ocrx_word' id='word_1_286' title='bbox 1842 3952 1907 4029; x_wconf 87' lang='lat' dir='ltr'><strong>Se·</strong></span> 
     </span>
     <span class='ocr_line' id='line_1_31' title="bbox 332 4078 1907 4180; baseline 0.004 -30"><span class='ocrx_word' id='word_1_287' title='bbox 332 4081 536 4180; x_wconf 85' lang='lat' dir='ltr'><strong>quentium,</strong></span> <span class='ocrx_word' id='word_1_288' title='bbox 567 4103 660 4178; x_wconf 86' lang='lat' dir='ltr'><strong>quae</strong></span> <span class='ocrx_word' id='word_1_289' title='bbox 687 4079 748 4151; x_wconf 94' lang='lat' dir='ltr'><strong>alii</strong></span> <span class='ocrx_word' id='word_1_290' title='bbox 774 4079 1060 4179; x_wconf 87' lang='lat' dir='ltr'><strong>interloquutori</strong></span> <span class='ocrx_word' id='word_1_291' title='bbox 1084 4082 1270 4179; x_wconf 83' lang='lat' dir='ltr'><strong>assignavi,</strong></span> <span class='ocrx_word' id='word_1_292' title='bbox 1300 4078 1391 4152; x_wconf 90' lang='lat' dir='ltr'><strong>haec</strong></span> <span class='ocrx_word' id='word_1_293' title='bbox 1416 4079 1493 4153; x_wconf 83' lang='lat' dir='ltr'><strong>fere</strong></span> <span class='ocrx_word' id='word_1_294' title='bbox 1521 4105 1597 4153; x_wconf 88' lang='lat' dir='ltr'><strong>esse</strong></span> <span class='ocrx_word' id='word_1_295' title='bbox 1625 4078 1737 4153; x_wconf 87' lang='lat' dir='ltr'><strong>debet</strong></span> <span class='ocrx_word' id='word_1_296' title='bbox 1763 4096 1907 4155; x_wconf 87' lang='lat' dir='ltr'><strong>senten·</strong></span> 
     </span>
     <span class='ocr_line' id='line_1_32' title="bbox 329 4202 1911 4309; baseline 0.001 -30"><span class='ocrx_word' id='word_1_297' title='bbox 329 4209 399 4279; x_wconf 85' lang='lat' dir='ltr'><strong>tia:</strong></span> <span class='ocrx_word' id='word_1_298' title='bbox 435 4207 574 4277; x_wconf 82' lang='lat' dir='ltr'><strong>utinam</strong></span> <span class='ocrx_word' id='word_1_299' title='bbox 600 4202 809 4277; x_wconf 90' lang='lat' dir='ltr'><strong>hominibus</strong></span> <span class='ocrx_word' id='word_1_300' title='bbox 835 4204 957 4278; x_wconf 90' lang='lat' dir='ltr'><strong>alieno</strong></span> <span class='ocrx_word' id='word_1_301' title='bbox 987 4230 1070 4278; x_wconf 82' lang='lat' dir='ltr'><strong>aere</strong></span> <span class='ocrx_word' id='word_1_302' title='bbox 1084 4207 1279 4279; x_wconf 77' lang='lat' dir='ltr'><strong>&#39;obstrictis</strong></span> <span class='ocrx_word' id='word_1_303' title='bbox 1307 4221 1343 4279; x_wconf 93' lang='lat' dir='ltr'><strong>et</strong></span> <span class='ocrx_word' id='word_1_304' title='bbox 1368 4221 1515 4280; x_wconf 90' lang='lat' dir='ltr'><strong>strenue</strong></span> <span class='ocrx_word' id='word_1_305' title='bbox 1541 4209 1803 4309; x_wconf 86' lang='lat' dir='ltr'><strong>nepotantibus</strong></span> <span class='ocrx_word' id='word_1_306' title='bbox 1829 4225 1911 4281; x_wconf 89' lang='lat' dir='ltr'><strong>tan·</strong></span> 
     </span>
     <span class='ocr_line' id='line_1_33' title="bbox 330 4321 1903 4433; baseline 0.001 -29"><span class='ocrx_word' id='word_1_307' title='bbox 330 4349 388 4404; x_wconf 87' lang='lat' dir='ltr'><strong>tae</strong></span> <span class='ocrx_word' id='word_1_308' title='bbox 416 4356 505 4432; x_wconf 91' lang='lat' dir='ltr'><strong>opes</strong></span> <span class='ocrx_word' id='word_1_309' title='bbox 537 4340 748 4431; x_wconf 85' lang='lat' dir='ltr'><strong>suppetant!</strong></span> <span class='ocrx_word' id='word_1_310' title='bbox 796 4321 991 4423; x_wconf 61' lang='grc' dir='ltr'>’Ψτάδελοη</span> <span class='ocrx_word' id='word_1_311' title='bbox 1029 4329 1075 4404; x_wconf 90' lang='lat' dir='ltr'><strong>de</strong></span> <span class='ocrx_word' id='word_1_312' title='bbox 1108 4357 1180 4433; x_wconf 89' lang='lat' dir='ltr'><strong>qua</strong></span> <span class='ocrx_word' id='word_1_313' title='bbox 1205 4358 1296 4407; x_wconf 85' lang='lat' dir='ltr'><strong>voce</strong></span> <span class='ocrx_word' id='word_1_314' title='bbox 1324 4335 1414 4405; x_wconf 88' lang='lat' dir='ltr'><strong>mira</strong></span> <span class='ocrx_word' id='word_1_315' title='bbox 1441 4337 1640 4408; x_wconf 89' lang='lat' dir='ltr'><strong>commenti</strong></span> <span class='ocrx_word' id='word_1_316' title='bbox 1665 4350 1751 4407; x_wconf 89' lang='lat' dir='ltr'><strong>sunt</strong></span> <span class='ocrx_word' id='word_1_317' title='bbox 1774 4336 1903 4424; x_wconf 80' lang='lat' dir='ltr'><strong>critici,</strong></span> 
     </span>
     <span class='ocr_line' id='line_1_34' title="bbox 330 4445 1909 4561; baseline 0.003 -33"><span class='ocrx_word' id='word_1_318' title='bbox 330 4454 430 4528; x_wconf 90' lang='lat' dir='ltr'><strong>idem</strong></span> <span class='ocrx_word' id='word_1_319' title='bbox 456 4471 510 4528; x_wconf 91' lang='lat' dir='ltr'><strong>est</strong></span> <span class='ocrx_word' id='word_1_320' title='bbox 536 4455 637 4557; x_wconf 94' lang='lat' dir='ltr'><strong>quod</strong></span> <span class='ocrx_word' id='word_1_321' title='bbox 655 4445 833 4535; x_wconf 83' lang='grc' dir='ltr'>ὑπάβολος</span> <span class='ocrx_word' id='word_1_322' title='bbox 850 4453 941 4528; x_wconf 86' lang='lat' dir='ltr'><strong>dixit</strong></span> <span class='ocrx_word' id='word_1_323' title='bbox 956 4455 1191 4531; x_wconf 87' lang='lat' dir='ltr'><strong>Pherecrates</strong></span> <span class='ocrx_word' id='word_1_324' title='bbox 1209 4457 1318 4534; x_wconf 90' lang='lat' dir='ltr'><strong>Com.</strong></span> <span class='ocrx_word' id='word_1_325' title='bbox 1347 4485 1465 4560; x_wconf 81' lang='lat' dir='ltr'><strong>graec.</strong></span> <span class='ocrx_word' id='word_1_326' title='bbox 1495 4460 1533 4532; x_wconf 93' lang='grc' dir='ltr'>Π</span> <span class='ocrx_word' id='word_1_327' title='bbox 1549 4488 1588 4561; x_wconf 90' lang='lat' dir='ltr'><strong>p.</strong></span> <span class='ocrx_word' id='word_1_328' title='bbox 1602 4460 1689 4532; x_wconf 81' lang='lat'><strong>277.</strong></span> <span class='ocrx_word' id='word_1_329' title='bbox 1729 4460 1783 4530; x_wconf 86' lang='lat' dir='ltr'><strong>Ea</strong></span> <span class='ocrx_word' id='word_1_330' title='bbox 1810 4462 1909 4533; x_wconf 89' lang='lat' dir='ltr'><strong>enim</strong></span> 
     </span>
     <span class='ocr_line' id='line_1_35' title="bbox 330 4575 1909 4688; baseline 0.006 -33"><span class='ocrx_word' id='word_1_331' title='bbox 330 4584 439 4655; x_wconf 91' lang='lat' dir='ltr'><strong>unice</strong></span> <span class='ocrx_word' id='word_1_332' title='bbox 471 4607 554 4654; x_wconf 85' lang='lat' dir='ltr'><strong>vera</strong></span> <span class='ocrx_word' id='word_1_333' title='bbox 587 4581 694 4655; x_wconf 88' lang='lat' dir='ltr'><strong>huius</strong></span> <span class='ocrx_word' id='word_1_334' title='bbox 733 4580 900 4655; x_wconf 84' lang='lat' dir='ltr'><strong>adiectivi</strong></span> <span class='ocrx_word' id='word_1_335' title='bbox 943 4586 1119 4685; x_wconf 89' lang='lat' dir='ltr'><strong>scriptura</strong></span> <span class='ocrx_word' id='word_1_336' title='bbox 1152 4599 1218 4675; x_wconf 89' lang='lat' dir='ltr'><strong>est,</strong></span> <span class='ocrx_word' id='word_1_337' title='bbox 1254 4609 1331 4656; x_wconf 92' lang='lat' dir='ltr'><strong>non</strong></span> <span class='ocrx_word' id='word_1_338' title='bbox 1364 4600 1486 4658; x_wconf 92' lang='lat' dir='ltr'><strong>autem</strong></span> <span class='ocrx_word' id='word_1_339' title='bbox 1515 4575 1698 4678; x_wconf 84' lang='grc' dir='ltr'>ὑπίβολος,</span> <span class='ocrx_word' id='word_1_340' title='bbox 1735 4584 1836 4688; x_wconf 93' lang='lat' dir='ltr'><strong>quod</strong></span> <span class='ocrx_word' id='word_1_341' title='bbox 1871 4591 1909 4664; x_wconf 93' lang='lat' dir='ltr'><strong>in</strong></span> 
     </span>
     <span class='ocr_line' id='line_1_36' title="bbox 330 4704 1904 4812; baseline 0.003 -29"><span class='ocrx_word' id='word_1_342' title='bbox 330 4710 439 4811; x_wconf 83' lang='lat' dir='ltr'><strong>longe</strong></span> <span class='ocrx_word' id='word_1_343' title='bbox 467 4707 573 4780; x_wconf 90' lang='lat' dir='ltr'><strong>aliam</strong></span> <span class='ocrx_word' id='word_1_344' title='bbox 598 4711 815 4781; x_wconf 89' lang='lat' dir='ltr'><strong>sententiam</strong></span> <span class='ocrx_word' id='word_1_345' title='bbox 842 4704 985 4782; x_wconf 87' lang='lat' dir='ltr'><strong>dicitur.</strong></span> <span class='ocrx_word' id='word_1_346' title='bbox 1040 4706 1197 4782; x_wconf 89' lang='lat' dir='ltr'><strong>Videtur</strong></span> <span class='ocrx_word' id='word_1_347' title='bbox 1229 4725 1349 4782; x_wconf 89' lang='lat' dir='ltr'><strong>autem</strong></span> <span class='ocrx_word' id='word_1_348' title='bbox 1374 4710 1615 4812; x_wconf 88' lang='lat' dir='ltr'><strong>Epicharmus</strong></span> <span class='ocrx_word' id='word_1_349' title='bbox 1641 4711 1735 4786; x_wconf 91' lang='lat' dir='ltr'><strong>hauc</strong></span> <span class='ocrx_word' id='word_1_350' title='bbox 1761 4739 1904 4805; x_wconf 84' lang='lat' dir='ltr'><strong>vocem,</strong></span> 
     </span>
    </p>
   </div>
   <div class='ocr_carea' id='block_1_5' title="bbox 333 4832 1908 4940">
    <p class='ocr_par' dir='ltr' id='par_1_11' title="bbox 333 4832 1908 4940">
     <span class='ocr_line' id='line_1_37' title="bbox 333 4832 1908 4940; baseline 0.003 -32"><span class='ocrx_word' id='word_1_351' title='bbox 333 4863 424 4936; x_wconf 92' lang='lat' dir='ltr'><strong>quae</strong></span> <span class='ocrx_word' id='word_1_352' title='bbox 450 4837 601 4940; x_wconf 87' lang='lat' dir='ltr'><strong>proprie</strong></span> <span class='ocrx_word' id='word_1_353' title='bbox 620 4832 674 4908; x_wconf 65' lang='lat' dir='ltr'><strong>‘de</strong></span> <span class='ocrx_word' id='word_1_354' title='bbox 700 4835 809 4909; x_wconf 87' lang='lat' dir='ltr'><strong>rebus</strong></span> <span class='ocrx_word' id='word_1_355' title='bbox 837 4837 1082 4936; x_wconf 84' lang='lat' dir='ltr'><strong>oppigneratis</strong></span> <span class='ocrx_word' id='word_1_356' title='bbox 1115 4833 1259 4928; x_wconf 88' lang='lat' dir='ltr'><strong>dicitur,</strong></span> <span class='ocrx_word' id='word_1_357' title='bbox 1296 4832 1342 4910; x_wconf 90' lang='lat' dir='ltr'><strong>ad</strong></span> <span class='ocrx_word' id='word_1_358' title='bbox 1373 4835 1542 4914; x_wconf 92' lang='lat' dir='ltr'><strong>homines</strong></span> <span class='ocrx_word' id='word_1_359' title='bbox 1575 4865 1659 4915; x_wconf 88' lang='lat' dir='ltr'><strong>aere</strong></span> <span class='ocrx_word' id='word_1_360' title='bbox 1689 4838 1812 4915; x_wconf 84' lang='lat' dir='ltr'><strong>alieno</strong></span> <span class='ocrx_word' id='word_1_361' title='bbox 1839 4841 1908 4914; x_wconf 89' lang='lat' dir='ltr'><strong>ob·</strong></span> 
     </span>
    </p>
   </div>
   <div class='ocr_carea' id='block_1_6' title="bbox 0 0 2250 5686">
    <p class='ocr_par' dir='ltr' id='par_1_12' title="bbox 0 0 2250 5686">
     <span class='ocr_line' id='line_1_38' title="bbox 0 0 2250 5686; baseline 0 0"><span class='ocrx_word' id='word_1_362' title='bbox 0 0 2250 5686; x_wconf 95' lang='lat' dir='ltr'><strong> </strong></span> 
     </span>
    </p>
   </div>
  </div>
 </body>
</html>
