4492 5686
1112 243 1137 315 8

331 505 352 587 ἡ
378 499 411 574 d’
437 493 621 608 ἐπεισέρρει
668 497 758 573 Non
783 503 871 602 ipsis
897 501 997 573 enim
1019 501 1143 573 verbis
1167 515 1303 602 poetae
1324 524 1411 572 usus
1435 517 1504 592 est,
1538 502 1601 577 sed
1626 530 1763 608 capro
1793 512 1916 580 consi-

331 624 385 699 lio
402 651 471 699 suo
487 622 656 727 paullum
672 640 808 698 mutata
827 625 987 698 orationi
1003 626 1212 714 immiscuit,
1242 621 1555 725 quemadmodum
1572 626 1750 702 Arrianus
1764 627 1917 732 Periplo

330 745 410 823 PE.
435 758 449 820 1
477 775 518 852 Ρ.
540 754 577 821 d.
627 749 722 821 τοῦτο
746 742 784 835 δι’]
807 741 845 820 τὸ
869 738 1038 855 τραγικόν,
1061 743 1117 819 καὶ
1137 741 1194 832 τὴν
1217 740 1274 836 μέν
1298 746 1511 847 ἐξηντλοῦμεν
1536 743 1805 858 ἡδέπεισέρριι.
1840 754 1916 826 llu-

330 870 460 975 ripidis
492 888 614 946 autem
647 871 777 969 (huius
810 876 909 947 enim
939 897 1086 946 versum
1123 869 1230 945 illum
1271 896 1348 946 esse
1386 898 1465 947 non
1502 870 1770 973 dubitandum)
1805 877 1917 951 verba

330 996 436 1072 suere
463 995 574 1071 haec:

743 1116 798 1190 stoi
822 1115 879 1204 τήν
905 1115 962 1211 μέν
987 1120 1204 1220 ἓξαντλοῦμεν
1229 1123 1248 1208 ἡ
1275 1116 1307 1193 d’
1334 1115 1499 1230 ἓτεισρέει.

333 1242 439 1339 Quae
472 1248 511 1317 in
539 1241 666 1317 eadem
693 1242 849 1344 epistola
875 1261 1079 1346 sequuntur
1103 1244 1177 1319 litt.
1206 1245 1235 1318 s.
1263 1246 1396 1320 rerba:
1432 1242 1501 1335 ἐμοὶ
1524 1238 1558 1316 δέ
1582 1237 1670 1317 κατὰ
1690 1239 1745 1319 τὸν
1767 1242 1916 1343 Δίφιλον,

332 1366 415 1469 φησὶ
431 1364 464 1441 δ”
483 1361 620 1442 adrosis
639 1357 780 1474 Πελιιέσι
804 1360 865 1448 „ri
884 1360 1059 1475 δειπνάριον
1148 1372 1220 1444 ταῖς
1236 1364 1374 1460 κίχλαις
1388 1362 1446 1455 idn
1462 1365 1586 1456 λέχους
1613 1394 1655 1443 ea
1672 1394 1751 1443 non
1767 1369 1916 1444 Parme·

331 1496 423 1569 nisei
449 1507 547 1584 sunt,
575 1488 640 1564 sed
666 1493 779 1592 ipsius
804 1488 1007 1581 Athenaei,
1044 1488 1083 1563 id
1118 1489 1220 1593 quod
1246 1509 1392 1593 praeter
1416 1493 1636 1594 singularem
1662 1508 1700 1566 et
1723 1492 1916 1568 Athenaeo

331 1619 521 1724 propriam
549 1617 725 1689 orationis
752 1613 1084 1688 conformationem
1111 1618 1149 1687 in
1176 1612 1329 1698 citandis
1354 1607 1745 1724 ιυι1Ριοιιιιιιχρέσεσι
1773 1616 1834 1692 vel
1858 1642 1915 1691 se-

333 1744 483 1847 quentia
497 1737 645 1826 docent,
658 1731 805 1827 γέλωτος
818 1726 870 1809 οὖν
882 1732 1109 1845 ἐπιρραγέντος
1122 1754 1194 1812 etc.
1221 1737 1419 1841 InDiphili
1433 1744 1532 1814 enim
1543 1742 1664 1815 verbis
1676 1739 1769 1813 nihil
1781 1743 1912 1831 inerat,

332 1864 435 1971 quod
461 1869 574 1939 risum
600 1887 749 1937 movere
774 1878 921 1964 posset,
958 1865 1076 1936 inerat
1110 1879 1250 1959 autem¹
1267 1865 1307 1935 iu
1339 1861 1494 1937 ridicula
1517 1860 1803 1966 Euripideorum
1833 1890 1915 1938 rer·

332 2020 438 2067 suum
463 1983 617 2093 parodia
642 1986 705 2058 Ζεῦ
730 1979 774 2077 μὴ
800 1977 906 2057 λαἰθοι
933 2012 973 2058 σε
998 1980 1095 2057 τῶνδ’
1121 1973 1155 2061 ic
1182 1979 1281 2061 αίτιος
1308 1987 1430 2068 κακῶν,
1458 2003 1495 2062 et
1522 1979 1629 2085 φυκίς
1655 2014 1695 2060 σε
1721 1981 1841 2076 δαίμων
1862 1984 1917 2060 καί

333 2109 425 2213 φανέν
452 2103 542 2205 τίχη
568 2099 686 2189 λίβον.
737 2108 782 2182 In
817 2107 945 2183 eadem
975 2109 1131 2211 epistola
1163 2109 1347 2210 Ρ.1571).
1381 2109 1555 2211 leguntur
1588 2109 1699 2185 haec:
1727 2103 1917 2218 Μελέαγρος

331 2226 536 2345 &redegeris
567 2279 606 2292 -
638 2226 700 2331 ion
732 2226 787 2306 riv
805 2222 950 2340 ’Ὅμηρον
983 2223 1086 2340 Σιίρον
1119 2223 1195 2305 ivre
1228 2226 1266 2306 τό
1299 2226 1391 2321 γένος
1424 2228 1513 2307 κατὰ
1547 2228 1592 2307 τὰ
1624 2225 1747 2341 πιέτρια
1778 2227 1916 2324 ἰχθύων

331 2353 556 2456 ἀπεχομένους
582 2359 716 2444 ποιῆσαι
742 2350 816 2433 τοὺς
842 2350 1012 2463 ἀρχαίους.
1064 2354 1108 2428 In
1134 2354 1191 2428 his
1216 2380 1287 2458 pro
1314 2351 1475 2463 ἀρχαίους
1500 2354 1734 2431 scribendum
1746 2349 1916 2448 Ἀχαιούς,

332 2505 369 2563 et
395 2490 433 2560 in
459 2469 680 2588 proximiori
706 2471 800 2571 μένον
826 2480 987 2567 ἀνέγνωτε
1013 2472 1415 2586 συγγραμμέτυναύτιῦ
1440 2474 1477 2552 τὸ
1503 2479 1656 2588 περιέχον
1687 2475 1827 2552 λεκίθου
1862 2477 1916 2552 καὶ

332 2610 442 2711 φακῆς
472 2631 657 2714 συγνρνσνν.
716 2601 839 2704 Vulgo
866 2595 1088 2710 σύγγραμμα,
1114 2628 1184 2704 pro
1212 2626 1288 2702 quo
1311 2602 1345 2674 A
1367 2601 1480 2675 hahet
1504 2595 1771 2711 συγγράμματα,
1797 2603 1828 2678 Β
1852 2630 1914 2678 au·

285 2808 291 2820 ,
330 2752 405 2812 1οιιι
433 2719 648 2839 σύγγραμμά
672 2729 921 2830 superscripto
948 2729 986 2797 τ’.

471 2852 583 2957 le.
606 2850 721 2926 1661.
770 2849 1041 2953 Theopompus
1069 2846 1115 2924 de
1140 2847 1283 2923 luxurie
1311 2849 1615 2925 Tarentinorum:
1650 2843 1830 2936 ἡπόλις
1813 2851 1913 2934 neeis

331 2974 533 3093 Ταραντίνων
568 2969 692 3071 σχεδον
724 2970 863 3049 καθ’”
846 3000 987 3048 εκαστον
1020 3002 1106 3064 μηνα
1135 2962 1311 3052 βουθυτεῖ
1331 3002 1385 3047 και
1377 2969 1588 3069 &poora‘
1575 2964 1738 3050 εστνιίσεις
1770 2977 1913 3046 ποιεῖται.

332 3105 493 3210 Singulis
508 3104 583 3178 sere
599 3100 785 3175 mensibus
798 3099 964 3202 publicas
979 3098 1105 3200 epulas
1118 3100 1315 3172 instituisse
1332 3097 1552 3173 Tarentinos
1569 3096 1663 3171 nihil
1679 3096 1792 3171 habet
1812 3095 1913 3198 quod

334 3234 414 3335 quis
434 3233 513 3302 iure
532 3229 693 3300 miretur.
733 3221 828 3297 Vide
854 3227 1022 3324 igiturne
1036 3220 1307 3324 Theopompus
1320 3226 1505 3325 scripserit
1518 3219 1641 3296 καθ’
1628 3212 1769 3306 εκιέστην
1784 3212 1913 3328 ἡμέραν,

333 3378 428 3458 quoe
447 3350 554 3453 dignu
573 3346 824 3450 shcopompo
844 3348 1003 3422 veritatis
1024 3344 1260 3448 amplificatio
1283 3361 1348 3418 est.
1365 3346 1513 3485 Atque
1503 3360 1553 3417 ita
1573 3342 1719 3417 demum
1742 3349 1915 3418 convenit

332 3476 585 3620 Theopompo
606 3498 689 3547 cum
710 3470 894 3547 Strabone
912 3469 965 3545 VI
983 3497 1022 3572 Ρ.
1046 3476 1133 3543 280.
1161 3461 1413 3568 Ἡξισχυσεδ
1397 3457 1689 3574 ηὕατεροντρυφη
1678 3459 1817 3539 dra
1782 3495 1838 3550 την
1861 3469 1912 3540 εὖ·

332 3596 549 3695 tenentos
533 3624 620 3673 υστι
644 3591 705 3674 τὰς
731 3585 960 3682 revisuros
947 3622 978 3665 ιο
980 3585 1058 3701 ρτὰο
1090 3586 1219 3669 πλείους
1249 3586 1403 3681 αγεσθαι
1438 3592 1513 3664 κατ’
1544 3581 1615 3668 ἔτος
1646 3591 1728 3699 παρ’
1763 3592 1912 3676 αυτιῖοη

332 3716 391 3803 rtis
416 3714 523 3801 ι’ίλλιιν
547 3715 675 3832 ἡμέρας.

475 3847 523 3920 tv
550 3874 586 3949 p.
614 3850 681 3919 ¹03
698 3870 730 3919 c.
779 3844 835 3919 Ex
861 3843 1068 3947 Hermippo
1096 3841 1250 3915 Timaeo
1285 3841 1436 3944 aliisque
1469 3842 1710 3943 scriptoribus
1743 3835 1908 3929 docetur,

334 3962 543 4041 illusionum
572 3966 798 4069 dipondium
827 3973 989 4044 omnium
1017 3971 1177 4070 primum
1196 3970 1366 4058 extitisse,
1398 3968 1474 4068 qui,
1505 3991 1618 4068 quum
1635 3962 1911 4066 Pythagoricam

333 4086 565 4191 «disciplinam
593 4088 847 4189 profiteretur,
885 4117 963 4165 cnm
998 4105 1213 4193 sequeretur
1246 4105 1283 4164 et
1307 4086 1596 4192 philosophandi
1622 4103 1659 4161 et
1683 4083 1828 4162 vivendi
1853 4112 1909 4160 ra·

332 4215 486 4305 tionem,
517 4235 589 4315 que
608 4207 939 4313 l'ythugoristorum
958 4231 994 4289 et
1012 4239 1100 4290 vcro
1120 4211 1344 4317 Cynicorum
1361 4215 1520 4287 insaniae
1537 4209 1782 4362 praeluderet.
1813 4211 1909 4284 Tum

333 4336 379 4411 ltts
409 4337 544 4437 pet'sglt
580 4326 659 4440 opit
683 4320 716 4406 ‘iv
743 4329 997 4409 <incoriatus
984 4367 999 4411 ο
1027 4329 1243 4481 Στρατίνικος
1268 4331 1420 4411 ἐκέλευσε
1450 4365 1503 4409 τον
1536 4330 1713 4442 ἀπαιροντα
1742 4363 1779 4405 το
1810 4328 1909 4442 ρηθὲι

332 4457 582 4545 ἀπαγγείλαι
585 4457 641 4551 τῷ
676 4450 746 4563 πιρί
771 4453 985 4565 θηροπέπλου
1019 4457 1134 4549 μανίαι
1166 4451 1295 4570 ὕβρεως
1324 4489 1360 4536 τι
1392 4450 1627 4567 περιστάσιμον
1661 4451 1764 4529 στοὰν
1798 4449 1911 4550 ἔχοντι

333 4567 536 4684 notavique
563 4570 728 4673 vestrimet
774 4581 954 4684 Apertum
974 4601 1028 4660 est
1045 4584 1304 4676 santonicum,
1331 4585 1536 4660 facetissimi
1553 4581 1768 4655 hominem
1758 4586 1907 4683 ingenii,

332 4702 387 4783 hit
415 4702 535 4779 veritis
563 4727 712 4799 novum,
744 4703 844 4807 quod
865 4704 1055 4785 Diodorus
1081 4711 1300 4804 sectabatur,
1329 4711 1534 4786 institutum
1559 4708 1609 4783 ita
1634 4709 1770 4795 risisse,
1796 4723 1838 4783 ut
1862 4710 1908 4781 si
