4492 5686
1100 278 1145 349 12

1005 390 1240 417 ἈΜἊΜΜΜΜἯ

332 564 393 610 σαν
422 528 533 629 κόλπῳ
548 536 610 634 (*).
667 532 755 627 Q'uo
783 532 926 607 scholio
952 558 999 607 ne
1027 537 1108 635 quis
1134 537 1184 607 ita
1210 548 1345 624 utatur,
1374 549 1416 607 ut
1440 532 1637 608 Cononem
1654 533 1821 609 Nesiadis
1848 562 1910 610 au-

331 681 470 738 ctorem
497 664 606 736 luisse
634 632 857 764 suspicetur,
886 664 969 735 satis
995 665 1183 763 provisum
1211 677 1266 734 est
1292 663 1337 734 ab
1370 664 1426 752 iis,
1466 665 1529 763 qui
1558 660 1723 736 Cononis
1756 688 1908 754 nomen,

331 817 442 893 quem
460 789 675 864 Heracleam
701 791 885 889 scripsisse
911 813 1021 861 nemo
1047 814 1210 890 unquam
1228 785 1407 891 prodidit,
1438 813 1482 861 ex
1506 787 1744 863 Cinaethonis
1762 793 1912 864 nomine

330 933 545 1018 corruptum
572 941 649 990 esse
676 915 903 1006 intellexere,
934 918 1035 989 cuius
1062 914 1279 988 Heracleam
1304 919 1382 1016 ipse
1410 913 1518 988 affert
1544 915 1662 988 schol.
1691 916 1912 1019 Apollon.I

335 1045 442 1117 1357.
498 1043 553 1117 Ac
579 1043 730 1116 fortasse
759 1045 868 1115 etiam
893 1042 1018 1116 locum
1044 1058 1190 1144 poetae,
1220 1045 1361 1143 inquo
1390 1038 1435 1114 de
1459 1041 1656 1142 Aegaeona
1683 1043 1743 1118 vel
1760 1043 1910 1116 Briareo
1961 1094 1970 1110 .

330 1185 464 1271 egerat,
499 1172 731 1272 superstitem
761 1168 937 1257 habemus
970 1173 1009 1242 in
1042 1170 1317 1270 corruptissimo
1351 1167 1494 1241 scholio
1525 1166 1675 1241 Pindari
1700 1167 1808 1243 Nem.
1838 1169 1908 1260 ΙΠ,

331 1304 393 1368 38.
424 1300 457 1366 αἱ
478 1299 668 1401 Ἡρακλείαν
694 1294 813 1378 στῆλαι
840 1290 894 1365 καί
920 1286 1057 1400 Βριάρεω
1083 1289 1235 1382 λέγονται
1262 1289 1349 1376 εἶναι,
1376 1285 1469 1366 καθά
1496 1312 1578 1391 φησι
1604 1289 1734 1380 Στῆλαί
1749 1297 1776 1367 τ’
1796 1290 1910 1383 Αἰγαί-

332 1451 407 1497 ωνος
438 1418 517 1496 ἁλὸς
546 1415 688 1509 μεδίοντι
721 1414 886 1507 Γίγαντας.
921 1420 997 1494 Ubi
1022 1437 1170 1524 praeter
1195 1437 1327 1523 poetae
1361 1446 1499 1494 nomen
1530 1425 1626 1493 inter
1657 1414 1820 1510 μεδὲοιτος
1847 1426 1912 1520 (ita

332 1552 429 1621 enim
456 1545 705 1647 scribendum)
733 1563 769 1621 et
794 1542 952 1634 Γίγαντας
968 1549 1186 1651 compluria,
1216 1565 1327 1650 atque
1345 1550 1382 1620 in
1400 1547 1457 1621 his
1482 1551 1589 1622 etiam
1610 1547 1750 1622 Briarei
1775 1573 1914 1622 nomen

330 1673 505 1749 excidisse
531 1673 647 1749 videri
674 1673 796 1749 debet.
853 1673 1008 1748 Sublato
1034 1679 1143 1776 igitur
1171 1674 1328 1750 Conone
1362 1691 1528 1776 apertum
1562 1690 1616 1748 cst
1648 1675 1759 1748 alium
1784 1674 1911 1749 Nesia·

330 1798 385 1874 dis
418 1794 605 1875 auctorem
633 1798 999 1903 circumspiciendum
1026 1826 1117 1875 esse.
1170 1803 1248 1875 lam
1278 1827 1364 1876 vero
1391 1803 1708 1902 insequentibus,
1744 1801 1911 1904 quaeda

329 1932 479 2002 nomine
507 1932 613 2001 maris
639 1928 775 2028 Aegaei
806 1927 1023 2020 asseruntur,
1059 1926 1158 2003 haud
1190 1925 1301 2001 dubie
1334 1944 1507 2030 corrupta
1539 1944 1623 2001 sunt
1647 1930 1759 2004 verba
1792 1931 1822 2000 ἒν
1856 1922 1925 2017 μὲν,

329 2055 374 2147 τῷ
406 2046 524 2161 πρώτῳ
555 2056 601 2148 τῷ
634 2050 704 2161 περί
728 2045 901 2147 Νησιάδος,
936 2059 975 2128 in
1009 2057 1142 2157 quibus
1173 2055 1352 2158 particula
1384 2049 1439 2144 μὲν
1471 2081 1548 2127 non
1574 2053 1687 2128 habet
1714 2081 1789 2156 quo
1816 2055 1877 2129 rel
1896 2100 1911 2113 -

328 2186 440 2254 ratur.
484 2179 729 2255 Scribendum
746 2184 857 2281 igitur
872 2180 1017 2256 videtur
1043 2183 1154 2272 Σῆμος
1179 2185 1209 2254 ἓν
1236 2171 1418 2278 (ΟΗΙῙΊΕΝ
1445 2206 1515 2284 pro
1535 2182 1772 2280 ΕΝΜΕΝ)τῷ
1793 2173 1912 2288 πρώτῳ

329 2302 400 2412 περί
425 2298 595 2390 Νησιάδος,
618 2305 679 2380 vel
704 2308 734 2376 ἓν
761 2308 806 2397 τῷ
833 2299 951 2412 πρώτῳ
980 2305 1050 2415 περί
1075 2303 1234 2393 Νησιάδος
1259 2312 1285 2381 i.
1304 2336 1336 2383 e.
1367 2310 1413 2402 τῳ
1439 2299 1557 2416 πρώτῳ
1580 2299 1752 2400 Νησιάδος,
1783 2334 1912 2410 quem·

330 2429 529 2505 admodum
557 2428 685 2524 iisdem
711 2433 750 2501 in
777 2429 926 2502 scholiis
953 2432 997 2504 ad
1024 2433 1075 2523 II,
1104 2439 1212 2504 1055.
1241 2425 1352 2538 Χάρων
1380 2437 1410 2505 ἓν
1437 2435 1483 2527 τῷ
1509 2432 1578 2543 περί
1602 2436 1745 2543 ἱστοριῶν
1772 2432 1912 2508 dictum

330 2574 384 2632 est
409 2583 478 2660 pro
506 2558 536 2627 ἓν
564 2558 635 2630 ταῖς
659 2551 825 2661 ἱστορίαις,
861 2553 968 2628 etad
994 2555 1060 2646 IV,
1084 2561 1171 2627 834.
1205 2549 1413 2663 Μητρίδωρος
1444 2561 1474 2628 ἓν
1507 2554 1624 2664 πρώτῳ
1658 2558 1729 2667 περί
1759 2556 1911 2670 ἱστορίας,

329 2688 355 2758 ι’.
373 2709 405 2758 e.
435 2685 465 2755 ἓν
492 2672 610 2789 πρώτῳ
636 2677 787 2789 ἱστορίας.
839 2679 970 2783 Neque
1005 2679 1249 2755 omittendum
1282 2680 1384 2784 quod
1416 2680 1515 2756 idem
1541 2683 1752 2758 scholiastes
1779 2691 1912 2760 iterum

330 2811 431 2886 Semi
458 2811 669 2884 testimonio
696 2812 811 2883 utitur
836 2806 882 2881 ad
909 2809 941 2900 I,
968 2812 1077 2880 1304.
1112 2810 1224 2899 Σῆμος
1254 2803 1290 2880 δέ
1314 2829 1412 2906 φησιν
1439 2811 1505 2908 (sc.
1534 2808 1717 2884 Boreadas
1745 2814 1790 2884 ab
1816 2813 1911 2886 Her-

330 2938 412 3013 cule
430 2936 642 3011 interfectos
661 2939 754 3035 esse)
780 2929 832 3007 δά
858 2928 896 3007 τὸ
922 2932 1103 3031 λειφθῆναι
1129 2926 1234 3042 δρίμῳ
1260 2931 1313 3009 τὸν
1336 2930 1504 3045 Ἡρακλέα
1530 2938 1592 3009 τῶν
1614 2932 1790 3045 Βορεαδῶν,
1817 2965 1910 3041 quae

330 3064 374 3139 ad
402 3092 482 3140 eam
507 3060 674 3138 Nesiadis
700 3078 842 3164 partem
869 3061 1004 3154 resero,
1034 3065 1073 3135 in
1100 3088 1172 3164 qua
1199 3061 1245 3137 de
1272 3063 1379 3137 Teno
1407 3067 1565 3165 scriptor
1597 3082 1833 3166 exposuerat3
1870 3091 1911 3140 ea

330 3195 427 3266 enim
453 3195 492 3263 in
518 3190 635 3262 insula
661 3187 840 3261 Hercules
866 3186 1050 3261 Boreadas
1078 3187 1253 3263 occidisse
1279 3191 1477 3264 serebatur.
1531 3191 1704 3293 Denique
1738 3189 1782 3264 ad
1814 3191 1913 3266 idem

329 3317 403 3390 hoc
430 3342 523 3419 opus
549 3311 740 3387 referenda
766 3317 933 3415 suspicor
960 3339 1054 3416 quae
1083 3313 1294 3388 Athenaeus
1320 3316 1352 3407 I,
1373 3323 1472 3418 pao
1488 3342 1521 3388 c.
1552 3331 1589 3388 et
1613 3317 1664 3407 II,
1684 3317 1779 3416 p.7l
1801 3344 1834 3390 c.
1864 3315 1910 3391 de

328 3445 434 3517 Icaro
470 3458 506 3516 et
541 3441 677 3516 Cinaro
710 3440 837 3514 insulis
871 3445 1067 3515 memoriae
1100 3438 1278 3544 prodidit.
1331 3440 1383 3515 At
1416 3467 1510 3543 quae
1542 3439 1642 3515 idem
1673 3445 1831 3544 scriptor
1855 3441 1912 3516 XI

329 3571 508 3674 p.502b.
539 3569 658 3659 affert,
690 3593 731 3642 ca
757 3566 854 3641 haud
883 3566 993 3643 dubie
1020 3567 1064 3642 ad
1091 3567 1285 3642 Deliadem
1312 3567 1517 3645 revocanda
1543 3584 1640 3643 sunt.

469 3696 526 3769 ΙΙΙ
543 3723 582 3798 p.
599 3697 667 3769 127
683 3721 716 3768 a.
760 3691 815 3766 uui
836 3697 850 3766 ὃ
874 3686 1067 3778 Οὑλπιανίς,
1088 3686 1250 3785 Παιίομαι,
1276 3686 1349 3793 ἔφη,
1376 3690 1513 3778 ἐσθίων,
1539 3689 1576 3767 ἅν
1599 3724 1641 3785 με
1667 3687 1797 3798 διδάξῃς
1822 3690 1911 3804 παρά

329 3820 412 3896 τίσιν
446 3819 580 3929 εἴρηνται
612 3815 696 3895 οὗτοι
730 3826 759 3893 οἱ
786 3814 927 3930 χόνδροι.
980 3822 1081 3895 Haec
1107 3827 1137 3895 si
1163 3822 1292 3925 paullo
1320 3827 1520 3896 accuratius
1546 3827 1730 3925 inspicias,
1760 3827 1910 3925 ineptis-

330 3953 419 4021 sime
447 3945 541 4021 dicta
568 3977 644 4024 esse
671 3953 817 4024 senties.
873 3946 1118 4024 Scribendum
1146 3965 1223 4022 erat
1248 3939 1395 4041 παύομαι
1419 3945 1544 4024 ἐσθίων
1569 3940 1627 4026 ἕως
1652 3942 1688 4021 <iv
1710 3978 1751 4039 με
1771 3943 1909 4051 διδάξῃς.

332 4075 411 4151 Cfr.
440 4102 479 4177 p.
499 4080 564 4146 115
581 4103 613 4147 c.
651 4077 685 4146 οὐ
711 4068 856 4181 πρίτεροι
881 4068 1099 4166 δειπνήσομεν,
1133 4066 1191 4150 ἕως
1215 4064 1252 4147 dv
1279 4073 1334 4149 καί
1358 4079 1433 4184 παρ’
1459 4066 1547 4167 ἡμῶν
1579 4068 1741 4161 ἀκούσητε
1773 4067 1838 4150 ἀ’σα
1868 4081 1910 4149 si-

329 4193 448 4311 pn'uaor
474 4197 545 4307 περί
573 4192 687 4307 άρτων.

469 4328 524 4401 IV
540 4355 578 4430 p.
596 4331 664 4398 134
682 4325 719 4399 d.
756 4322 905 4400 Ἀττικὸν
932 4324 965 4400 δὲ
984 4323 1106 4401 δεῖπνον
1134 4329 1192 4400 οὐκ
1218 4325 1412 4436 ἀχαρίστως
1438 4321 1613 4439 διαγράφει
1638 4321 1777 4436 Μάτρων
1803 4331 1818 4398 ὁ
1845 4357 1910 4399 πα-

330 4450 437 4563 ρῳδίς,
468 4445 544 4561 ἕπερ
579 4447 630 4525 διά
661 4447 697 4526 cd
724 4446 858 4527 σπάνιοι
888 4457 946 4528 οὐκ
976 4445 1014 4529 dv
1046 4446 1217 4548 ὀκνήσαιμι
1247 4458 1333 4547 ὑμῖν,
1368 4450 1475 4564 ἄνδρες
1508 4452 1607 4555 φίλοι,
1642 4459 1657 4527 ὃ
1690 4446 1910 4562 Πλούταρχος

369 4763 416 4841 (s)
448 4763 491 4821 lta
517 4783 552 4823 er
585 4762 648 4823 cod.
676 4764 741 4822 Par.
770 4762 882 4824 correxi
910 4763 1120 4828 vitiosissimam
1153 4765 1298 4829 editorum
1326 4762 1503 4830 scholiorum
1531 4762 1684 4826 lectionem
1712 4765 1740 4824 ἐν
1766 4770 1822 4828 τοῖς
1848 4758 1908 4850 περὶ

344 4868 381 4882 ’ἢ

329 4871 433 4949 lupam
455 4855 557 4927 τίποις.
