4492 5686
1101 226 1148 299 to

1008 338 1243 367 mmm

334 488 397 555 itta
425 478 472 553 νΙο
498 478 639 584 l'clnpc
671 478 907 583 intelligenda
939 505 1017 555 csse
1050 480 1213 555 directim
1249 480 1427 554 lectorem
1452 479 1678 558 admoneret.
1733 485 1812 560 Nec
1838 487 1913 561 ulla

334 608 485 683 nunnius
520 608 760 681 correctionis
793 634 917 681 caum
951 622 1018 681 est.
1074 602 1170 708 Λύγξ
1195 607 1398 710 Hesychius
1429 611 1691 711 interpretatur
1722 615 1844 688 verbis
1878 611 1915 686 τὸ

333 727 448 807 milret·
470 734 484 806 ὁ
503 725 641 823 turmis,
669 731 724 807 noi
750 724 854 836 τόξον.
905 733 1076 828 Quorum
1103 731 1205 836 quod
1231 750 1421 837 postremo
1449 740 1665 812 memorarit
1689 742 1915 839 aptissimum

333 878 388 937 cst
423 859 467 934 sul
496 859 696 965 Sophoclis
733 860 870 952 locum,
911 864 981 934 nisi
1014 859 1115 963 quod
1150 860 1223 935 hoc
1255 860 1457 964 significatu
1491 861 1584 936 illud
1619 888 1756 937 nomen
1781 871 1915 941 rectius

334 990 518 1091 scripseris
545 982 640 1089 λίγξ,
670 1001 799 1089 utpote
827 1013 847 1059 a
876 988 992 1062 verbo
1017 983 1114 1078 λε’ζιιν
1140 988 1201 1062 vel
1226 983 1366 1081 λῶγγιιν,
1397 1015 1473 1091 quo
1499 992 1603 1063 nervi
1627 988 1762 1064 stridor
1778 990 1914 1066 indica-

335 1133 405 1205 tur,
444 1116 655 1188 sorrnutum.
710 1112 791 1188 Cir.
827 1111 995 1187 Lobcck.
1031 1113 1151 1188 Paral.
1187 1122 1328 1216 pilo.
1386 1114 1516 1217 Itaque
1549 1114 1688 1217 Pelops
1723 1120 1761 1189 in
1800 1119 1915 1192 oculis

335 1243 466 1315 umoris
500 1243 602 1342 ‹puasi
636 1265 758 1314 arcum
791 1256 929 1340 gestare
963 1239 1108 1315 dicitur.
1163 1240 1243 1317 Csr.
1273 1239 1475 1344 Aeschylus
1503 1240 1635 1344 Suppl.
1660 1247 1747 1315 983.
1778 1244 1844 1321 πῶς
1868 1273 1917 1322 τις

336 1362 516 1473 capez-‘scir
544 1359 690 1456 ὅμμιντος
716 1351 911 1473 θελκτήριον
936 1359 1071 1468 τέξιυμ’
1099 1358 1251 1458 ἔπεμψεν
1277 1361 1382 1476 ἱμέρου
1410 1359 1586 1458 νικώμενος.

475 1492 568 1567 Xlll
587 1498 706 1596 polit
728 1519 761 1566 a.
810 1491 994 1567 Machon:
1031 1486 1203 1601 σατράπης
1232 1486 1317 1567 reiro
1347 1488 1450 1601 γέρων
1481 1497 1523 1570 ῶς
1553 1487 1722 1582 ἐνενήκοντ’
1758 1486 1797 1568 ῶν
1828 1498 1917 1569 ἑτῶν.

335 1622 389 1695 lta
407 1616 623 1694 llinclorfius
642 1624 799 1694 correxit
825 1618 1007 1694 librorum
1034 1624 1250 1723 scripturam
1277 1611 1449 1706 ἐνενήκοντ’
1476 1621 1563 1693 ἐτῶν.
1606 1621 1783 1723 Berglius
1803 1623 1915 1698 Com·

336 1765 449 1823 mont.
488 1744 534 1821 dc
566 1745 653 1820 Ant.
694 1746 803 1821 Com.
845 1751 970 1848 p.19‹t
1009 1764 1126 1821 tentat
1159 1739 1362 1832 ἓνενήνιὸντιον
1395 1747 1484 1819 ἑτῶν.
1534 1746 1657 1822 Possis
1689 1775 1765 1822 non
1797 1753 1918 1823 minus

336 1871 532 1949 commode
566 1875 609 1949 ῶς
639 1861 676 1946 ῶν
708 1865 881 1959 ἐνενήκοντ’
909 1873 995 1945 ἑτῶν.
1049 1873 1112 1947 Vs.
1133 1878 1167 1946 9.
1199 1869 1344 1981 καιρίμην
1371 1900 1447 1948 non
1474 1889 1571 1947 recte
1599 1873 1916 1977 Schweighaeuse-

333 2030 395 2077 rus
428 2000 474 2076 dc
505 2003 629 2075 subito
658 1999 836 2104 decrepiti
862 2003 957 2074 senis
983 2026 1107 2075 amore
1133 2004 1407 2102 interpretatur.
1462 2000 1580 2074 Immo
1607 2027 1716 2075 senex
1743 2018 1917 2103 tanquam

334 2129 435 2204 letali
471 2129 623 2204 vulnere
658 2153 696 2202 se
732 2126 827 2201 affici
862 2129 1056 2220 sentiebat,
1095 2155 1209 2231 quum
1243 2126 1384 2201 audiret
1414 2129 1572 2200 immane
1598 2131 1716 2200 noctis
1742 2131 1914 2228 pretium.

334 2256 399 2332 Vs.
419 2257 479 2331 57.
520 2256 657 2331 εὐτελῶς
691 2271 906 2356 corruptum
941 2253 1105 2348 videtur3
1141 2270 1239 2329 certe
1276 2279 1350 2356 quo
1385 2269 1495 2356 pacto
1531 2252 1801 2327 Gnathaenium
1834 2281 1917 2328 cum

333 2385 450 2459 tribus
479 2381 598 2455 asellis
627 2379 855 2482 totidemque
882 2381 1095 2455 ancillarum
1125 2385 1308 2481 uniusque
1334 2395 1520 2482 praeterea
1555 2383 1718 2481 agasonis
1750 2383 1915 2454 nutricis·

335 2536 408 2615 que
443 2511 618 2585 comitatu
652 2512 781 2610 stipata
815 2507 952 2582 εὐτελῶς
984 2510 1010 2578 i.
1029 2532 1062 2579 e.
1100 2509 1302 2579 tenuiter
1336 2510 1405 2613 itcr
1436 2506 1564 2579 fecisse
1596 2504 1669 2579 dici
1700 2511 1816 2610 possit
1842 2532 1916 2580 non

333 2637 562 2738 intelligitur.
617 2633 705 2707 Non
732 2631 861 2706 dubito
888 2635 998 2733 igitur
1030 2635 1119 2733 quin
1146 2629 1280 2704 Macho
1313 2634 1498 2732 scripserit
1524 2621 1718 2707 κατέβαινεν
1745 2634 1919 2722 εὐμελῶς

333 2767 385 2838 ἐπ’
421 2749 610 2870 ἀστράβης,
648 2777 691 2834 ut
724 2758 940 2833 Gnathaena
974 2762 1062 2831 scite
1098 2774 1135 2830 et
1167 2760 1346 2830 concinne
1381 2756 1481 2830 mulo
1516 2773 1619 2833 vecta
1651 2783 1729 2831 esse
1761 2755 1915 2849 dicatur,

335 2919 411 2996 quo
438 2915 544 2965 sensu
574 2888 716 2977 εὐμελῶς
742 2885 841 2959 idem
868 2883 957 2958 dixit
981 2881 1079 2987 apud
1097 2882 1234 2957 Athen.
1254 2882 1350 2956 XIII
1366 2911 1406 2984 p.
1420 2885 1490 2958 577
1507 2880 1544 2956 d.
1574 2884 1716 2972 εὐμελῶς
1740 2879 1919 2968 nustricus

475 3015 570 3090 XIII
587 3041 626 3117 p.
641 3014 756 3088 sets.
805 3011 981 3087 Machon:
1019 3002 1215 3100 ὠνησόμενος
1239 3004 1438 3102 χελιδονείοις
1463 3001 1618 3102 uptun.
1670 3007 1919 3084 Hirundincae

333 3148 424 3221 ficus
451 3142 550 3217 unde
577 3166 715 3214 nomen
738 3142 917 3213 traxerint
943 3141 1029 3212 satis
1064 3153 1231 3211 constare
1257 3135 1452 3212 videbatur
1478 3162 1522 3210 ex
1547 3140 1592 3208 iis
1618 3163 1711 3238 quae
1738 3139 1918 3239 interpre-

333 3295 388 3348 tes
414 3270 593 3344 Athenaei
610 3266 668 3340 III
684 3293 723 3367 p.
738 3265 782 3338 75
799 3292 831 3337 c.
888 3261 1132 3337 Schneiderus
1162 3261 1247 3334 Ind.
1282 3266 1408 3363 script.
1444 3266 1497 3334 rei
1528 3279 1617 3335 rust.
1646 3290 1686 3362 p.
1704 3266 1786 3335 137.
1817 3269 1917 3338 etin

333 3402 473 3476 Lexico
506 3423 542 3470 v.
578 3384 759 3486 χελιδόνιος
784 3389 1025 3492 collegerunt,
1066 3415 1179 3490 quum
1206 3412 1325 3489 nuper
1350 3387 1399 3459 H.
1430 3385 1613 3487 Sauppius
1640 3390 1679 3458 in
1711 3384 1918 3461 doctissima

334 3525 489 3632 epistola
517 3521 562 3596 ad
590 3521 845 3595 Hermannum
876 3521 1002 3619 pust
1035 3540 1094 3588 eas
1126 3510 1399 3604 aChelidonia‚
1429 3513 1572 3586 Atticae
1599 3509 1722 3602 demo,
1751 3509 1919 3586 denomi-

332 3675 434 3735 natas
461 3678 539 3728 esse
566 3648 702 3724 docere
729 3662 881 3720 conatus
910 3659 975 3717 est.
1029 3642 1145 3743 Atqui
1171 3644 1201 3714 is
1229 3642 1506 3714 commenticius
1539 3637 1667 3713 demus
1700 3655 1768 3730 est,
1801 3656 1918 3714 recte·

334 3813 407 3890 que
433 3778 645 3858 Lobeckius
673 3772 771 3878 apud
797 3768 997 3846 Arcadium
1022 3795 1062 3870 p.
1078 3770 1138 3858 99,
1161 3771 1219 3850 15.
1248 3759 1412 3839 Χελιδοννῶ
1439 3766 1532 3851 νῶτος
1557 3769 1701 3869 scripsit
1730 3791 1800 3866 pro
1826 3776 1919 3838 Χελι-

333 3907 421 3986 δενιοὶ
446 3907 554 3994 δῆμος.
609 3901 725 4000 Quod
758 3903 856 3975 enim
888 3894 1061 3998 singulari
1086 3917 1242 3966 numero
1269 3919 1354 3966 usus
1382 3909 1436 3966 est
1460 3889 1650 3980 Arcadius,
1688 3917 1802 3990 quum
1833 3890 1919 3963 alias

332 4053 545 4116 constanter
569 4026 745 4107 Χελιδονιαὶ
773 4029 861 4114 νῆσοι
888 4035 1237 4110 commemorentur,
1271 4016 1309 4091 id
1341 4043 1463 4120 neque
1488 4043 1557 4117 per
1580 4041 1620 4089 se
1645 4019 1778 4087 mirum
1803 4012 1921 4089 rideri

330 4185 470 4278 potest,
505 4162 721 4269 praesertim
755 4160 785 4229 si
819 4175 1009 4254 compares
1036 4145 1171 4222 Suidae
1197 4145 1372 4247 glossam:
1403 4134 1553 4235 Ἐχινᾶς,
1585 4133 1680 4226 νήσου
1714 4134 1823 4225 ἔνεμεν,
1853 4167 1918 4214 ne-

331 4327 405 4407 que
431 4298 505 4373 hoc
537 4293 624 4368 loco
660 4313 726 4361 cur
755 4283 886 4358 fecerit
912 4277 1164 4379 grammaticus
1193 4287 1429 4374 quaerentem
1454 4268 1595 4342 latebit.
1649 4267 1779 4366 ltaque
1804 4265 1919 4339 cheli·

329 4431 461 4505 (lunias
494 4450 596 4513 uras,
634 4419 744 4492 etiam
770 4439 790 4485 a
819 4408 941 4485 Clem.
971 4402 1080 4478 Alex.
1108 4398 1223 4474 Paed.
1242 4399 1295 4489 Π,
1317 4407 1349 4471 1.
1378 4410 1609 4483 memoratas,
1636 4416 1713 4465 non
1739 4396 1852 4491 magis
1875 4418 1922 4466 ac

328 4564 478 4666 lepores
511 4546 748 4628 chelidonios
780 4540 942 4640 (Fragm.
981 4529 1089 4606 Com.
1118 4550 1237 4628 graec.
1258 4523 1470 4624 Ilipssis)
1503 4546 1525 4592 a
1557 4517 1652 4662 loco·
1678 4542 1816 4661 nomen
1846 4533 1920 4591 ιη.

327 4697 422 4772 risse
448 4688 622 4762 arbitror.
679 4672 857 4749 Ceterum
885 4665 980 4748 νῆτος
1006 4674 1043 4732 et
1068 4650 1169 4743 δῆμος
1193 4654 1302 4725 etiam
1335 4646 1425 4720 alibi
1454 4661 1654 4748 permutari
1684 4643 1811 4718 docurt
1839 4643 1920 4716 Do.

327 4830 460 4902 braeus
486 4821 525 4893 in
551 4805 794 4890 Adversariis.
