4492 5686
1097 230 1146 301 48

1007 343 1240 370 mmm

330 494 438 563 etiam
465 492 503 561 in
529 514 569 562 re
587 486 739 563 Suidam
766 502 909 561 aresta
936 487 1078 559 ratione
1106 487 1304 560 aberrasse.
1347 483 1530 560 Nimirum
1549 483 1760 561 Oenomaus
1787 484 1909 560 Gada-

330 642 439 691 renus
478 631 514 690 et
545 619 640 691 ritae
679 639 809 717 genere
848 630 884 687 et
913 611 1173 715 philosophiae
1204 610 1436 715 professione
1467 628 1504 686 et
1535 616 1754 715 scriptorum
1785 611 1911 686 indole

330 760 367 817 et
393 746 559 817 instituto
586 743 746 844 Diogeni
773 744 900 844 cynico
928 743 1047 814 extitit
1071 738 1297 814 simillimus:
1331 755 1487 841 uterquc
1519 740 1589 813 suit
1619 743 1779 842 cynicus,
1812 756 1911 813 uter·

331 895 405 972 que
441 873 586 971 scripsit
622 863 802 959 Πολιτείαν,
843 884 999 969 uterque
1039 864 1199 968 denique
1236 870 1445 970 cynicorum
1481 863 1749 968 tragoediarum
1786 882 1913 939 auctor

330 997 477 1071 habitus
512 1013 578 1071 est.
631 994 794 1069 Iulianus
827 994 854 1066 l.
871 993 898 1067 l.
927 1001 1067 1097 p.210.
1105 995 1399 1067 commemoratis
1431 992 1609 1094 Diogenis
1642 988 1838 1094 tragoediis
1863 994 1913 1065 ita

331 1127 467 1227 pergit:
503 1127 573 1198 ταῖς
604 1113 764 1211 Οἰνομάου
801 1113 834 1192 δὲ
864 1114 1011 1212 ἐντυχὼν
1042 1113 1192 1228 (ἔγραψε
1219 1115 1285 1228 γὰρ
1319 1117 1374 1194 καί
1405 1114 1587 1228 τραγῳδίας
1618 1123 1684 1196 τοῖς
1713 1110 1821 1207 λέγοις
1848 1120 1913 1192 τοῖς

331 1252 445 1323 ἑαυτοῦ
471 1242 720 1357 παραπλησίας)
749 1239 890 1355 ἄρρητων
917 1238 1112 1356 ἅρρητίτερα
1138 1243 1192 1320 καί
1216 1248 1328 1321 κακῶν
1349 1242 1443 1354 πέρα,
1470 1243 1526 1320 καὶ
1539 1237 1610 1319 οὔτε
1628 1246 1715 1347 (leg.
1744 1239 1828 1344 otti)
1848 1235 1864 1315 ‘o'
1882 1271 1913 1315 τι

334 1378 385 1475 φῶ
413 1374 483 1483 περὶ
507 1374 614 1447 αὐτῶν
640 1368 739 1475 ἀξίως
759 1366 853 1465 ἔχων
872 1361 930 1447 κᾶν
955 1367 1000 1445 τὰ
1019 1365 1201 1462 Μαγνήτων
1228 1365 1330 1456 κακαί,
1357 1361 1416 1447 κᾶν
1443 1368 1479 1447 τὸ
1507 1367 1685 1482 Τερμίριον,
1713 1360 1773 1445 κᾶν
1800 1371 1912 1445 πᾶσαν

332 1504 446 1578 ἁπλῶς
479 1504 586 1577 αὐτοῖς
616 1495 880 1600 ἕπιφθὲγξιαμαι
907 1494 963 1586 τὴν
994 1495 1178 1608 τραγῳδίαν
1208 1494 1294 1591 μετὰ
1325 1502 1382 1574 τοῦ
1411 1493 1555 1608 σατύρου
1583 1497 1718 1585 καὶτῆς
1744 1493 1914 1591 κωμῳδίαις

334 1627 467 1703 καὶτοῦ
488 1624 597 1719 μίμου·
619 1618 700 1701 οὕτω
722 1627 820 1699 πᾶσα
839 1620 896 1717 μὲν
920 1619 1114 1734 αἰσχρότης,
1141 1628 1239 1700 πᾶσα
1256 1621 1291 1699 cll
1308 1618 1442 1700 ἀπὸνοια
1466 1620 1546 1735 πρὸς
1568 1615 1755 1735 ὑπερβολὴν
1779 1629 1809 1697 ἓν
1835 1618 1914 1698 ἐκεί-

334 1786 393 1832 νοις
419 1749 709 1853 πεφνλοτέχνηται.
761 1753 854 1826 Tam
881 1778 1054 1854 germano
1079 1753 1257 1857 Diogenis
1291 1757 1398 1829 simio
1425 1779 1512 1844 non
1528 1757 1660 1828 mirum
1687 1770 1741 1828 est
1766 1756 1841 1828 sive
1867 1753 1913 1825 ab

333 1887 415 1986 ipso
442 1886 516 1956 sive
543 1882 589 1954 ab
616 1880 694 1954 aliis
719 1880 897 1982 Diogenis
925 1906 1132 1981 cognomen
1158 1880 1268 1955 fuisse
1295 1883 1520 1982 impositum.
1566 1881 1650 1955 Hoc
1669 1879 1799 1954 Suidas
1826 1881 1913 1952 arri·

332 2013 426 2114 pult,
457 2007 521 2082 sed
548 2011 598 2082 ita
624 2010 790 2110 arripuit,
819 2023 862 2080 ut
887 2006 993 2080 solita
1020 2002 1162 2114 ἀκρισία.
1189 2032 1266 2080 rem
1292 2010 1490 2082 inverteret
1517 2025 1627 2109 atque
1644 2006 1851 2108 Diogenem
1879 2021 1916 2080 et

334 2135 568 2211 Oenomaum
596 2132 758 2208 eiusdem
784 2132 944 2207 hominis
969 2160 1106 2208 nomen
1138 2134 1248 2207 suisse
1275 2135 1522 2208 arbitraretur.
1577 2134 1636 2207 De
1663 2133 1795 2206 fabulis
1821 2132 1916 2205 Dio·

333 2266 434 2364 genis
465 2263 584 2365 cynici
615 2277 762 2364 praeter
793 2285 835 2334 ea
870 2285 964 2362 quae
991 2286 1035 2333 ex
1062 2260 1255 2335 Clemente
1282 2259 1386 2334 attuli
1418 2259 1472 2333 nil
1502 2275 1680 2360 superest.
1735 2256 1793 2331 Ad
1820 2256 1914 2330 Her·

334 2389 454 2462 culem
488 2403 662 2461 monente
694 2386 836 2460 Fabric.
872 2387 917 2460 B.
942 2385 1202 2488 G.11p.29a
1236 2402 1377 2489 spectat
1402 2384 1562 2459 Tertull.
1597 2383 1710 2486 Apol.
1733 2389 1791 2457 tt.
1829 2380 1915 2459 Sed

336 2532 380 2589 et
404 2514 629 2614 Diogenes
661 2515 811 2586 nescio
840 2510 946 2613 quid
973 2515 1019 2583 in
1044 2512 1284 2586 Herculem
1310 2511 1442 2603 ludit,
1473 2528 1517 2587 et
1542 2510 1763 2586 Romanus
1789 2512 1915 2613 cyni-

337 2668 409 2715 cus
436 2639 570 2714 Varro
593 2653 834 2712 *trecentos
858 2637 991 2710 Ioves
1022 2640 1114 2712 sive
1139 2638 1367 2738 Iupiteres
1393 2641 1490 2711 sine
1517 2639 1744 2739 capitibus
1770 2640 1915 2710 intro·

336 2766 468 2841 ducit.
509 2763 693 2867 Suspicari
719 2760 867 2865 quidem
894 2767 1012 2865 possis
1039 2789 1133 2864 quae
1160 2761 1257 2865 apud
1277 2763 1472 2837 Aelianum
1490 2763 1536 2838 V.
1555 2762 1605 2836 H.
1621 2762 1691 2854 HI,
1714 2767 1759 2834 29
1788 2761 1915 2862 legun·

335 2911 416 2968 tur:
445 2884 598 2980 Διογένης
624 2893 639 2962 ὁ
666 2882 832 2971 zituaris
857 2890 1008 2981 συνεχῶς
1032 2883 1184 2977 ἐπέλεγεν
1210 2884 1289 2997 ὑπὲρ
1323 2891 1449 2972 ἑαυτοῦ,
1481 2881 1528 2963 ὅτι
1559 2883 1604 2963 τὰ
1635 2891 1674 2962 ἐκ
1699 2889 1755 2975 τῆς
1784 2915 1915 2997 τραγῳ·

336 3016 404 3097 δίας
430 3014 508 3126 ἀρὰς
533 3012 629 3094 αὐτὸς
654 3019 813 3124 ἐκπληροῖ
833 3011 889 3089 καί
913 3008 1076 3107 ὑπομένει·
1102 3011 1179 3089 εἶναι
1204 3011 1272 3126 γὰρ

743 3135 867 3229 πλάνης
890 3137 997 3222 ἄοικος
1023 3139 1175 3253 πατρίδος
1200 3143 1415 3253 ἐστερημένος,

743 3262 883 3361 πτωχός
907 3265 1065 3359 boeium
1091 3261 1166 3348 Oios
1192 3264 1282 3363 ἔχων
1308 3264 1474 3376 ἔφη’μερον,

337 3425 381 3473 ενι
412 3400 525 3500 ipsius
555 3394 733 3496 Diogenis
761 3392 909 3499 Oedipo
942 3399 1056 3498 petita
1088 3421 1179 3488 csse,
1213 3400 1428 3498 praesertim
1461 3398 1491 3469 si
1517 3418 1707 3497 compares
1733 3393 1916 3470 Iulianum

337 3524 442 3599 Orat.
473 3520 518 3597 ad
545 3522 724 3597 Themist.
760 3549 800 3625 p.
815 3525 886 3596 256
902 3520 939 3597 d.
973 3511 993 3610 ἢ
1023 3516 1077 3595 τὸν
1108 3518 1280 3612 Διογένους
1310 3527 1425 3597 ἐκεῖνον
1454 3514 1594 3605 »ἄπολιν
1627 3514 1734 3595 ἄοικον
1766 3517 1918 3630 πατρίδος

336 3644 579 3760 ἕστερημένον,”
606 3675 681 3750 quo
718 3674 826 3724 versu
858 3652 991 3723 iterum
1016 3648 1080 3721 ille
1106 3652 1220 3723 utitur
1247 3648 1352 3725 Orat.
1368 3649 1422 3725 VI
1437 3677 1477 3753 p.
1496 3653 1563 3722 195
1579 3650 1618 3723 b.
1654 3639 1719 3757 ἆριί
1739 3676 1793 3722 σοι
1817 3645 1918 3758 μικρὰ

338 3774 486 3876 φαίνεται
512 3770 587 3884 ἀνὴρ
609 3766 751 3858 »ἄπολις
778 3767 884 3852 ἄοικος
910 3769 1062 3883 πατρίῶς
1086 3770 1324 3883 ἕστερημίνος,”
1352 3779 1410 3849 οὐκ
1435 3765 1568 3858 illotis,
1603 3777 1637 3848 οὐ
1663 3767 1826 3883 δραχμήν,
1859 3777 1917 3849 οὐκ

339 3898 459 3988 οἰκέτην
480 3895 579 3994 ἔχων.
632 3898 705 3976 Sed
732 3917 855 3975 tamen
881 3906 1018 3976 incerta
1045 3927 1087 3976 ea
1114 3905 1324 3989 coniectura
1351 3918 1418 3994 est,
1446 3919 1676 4005 possuntque
1702 3901 1764 3974 illa
1784 3902 1917 3976 Iuliani

338 4027 463 4118 rerba,
497 4022 550 4098 τὸν
575 4021 746 4115 Διογένους
774 4032 901 4111 ἐκεῖνον,
938 4031 1022 4102 satis
1055 4025 1249 4103 commode
1287 4031 1325 4100 in
1357 4053 1436 4102 eam
1468 4033 1684 4104 sententiam
1714 4031 1842 4130 accipi,
1875 4046 1918 4104 ut

339 4153 420 4227 ille
438 4179 458 4226 a
475 4151 675 4253 Diogene
702 4153 888 4227 multum
914 4154 1168 4228 celebratus
1194 4154 1434 4255 intelligatu1·;
1463 4158 1533 4228 nisi
1554 4155 1650 4229 forte
1668 4149 1803 4243 Διογένη
1830 4159 1916 4230 scri·

339 4278 503 4354 bendum
530 4294 596 4352 est.
644 4277 774 4377 Itaque
800 4279 970 4383 Euripidi
995 4284 1119 4383 potius
1147 4297 1183 4355 et
1211 4279 1359 4383 quidem
1386 4279 1536 4384 Oedipo
1569 4285 1645 4354 eius
1677 4281 1763 4355 illos
1793 4306 1917 4357 versus

340 4403 606 4507 adscripserim.
651 4401 756 4497 Quae
782 4402 878 4506 apud
907 4405 1108 4481 Stobaeum
1125 4406 1226 4482 Flor.
1247 4407 1385 4499 LXIV,
1411 4419 1444 4481 1.
1473 4424 1510 4483 et
1535 4405 1690 4496 LXXV,
1717 4414 1749 4498 1,
1775 4415 1834 4481 10.
1863 4408 1917 4482 le·

340 4546 473 4631 guntur
505 4530 682 4630 Diogenis
716 4529 929 4631 fragmenta,
966 4558 1043 4606 non
1076 4530 1207 4607 dubito
1241 4537 1331 4637 quin
1363 4539 1435 4608 sint
1464 4534 1642 4636 Diogenis
1668 4530 1915 4609 Atheniensis.

339 4656 399 4730 De
427 4654 557 4729 eodem
582 4653 768 4728 Fabricius
794 4655 821 4727 l.
840 4656 867 4729 l.
896 4675 994 4733 recte
1020 4658 1201 4735 intellexit
1219 4659 1405 4734 Plutarch.
1434 4656 1533 4733 Aud.
1553 4675 1657 4762 poet.
1678 4664 1773 4761 ptt
1792 4688 1826 4734 c.
1855 4663 1919 4736 ubi

341 4785 537 4858 obscurum
564 4777 710 4857 dicendi
736 4806 863 4885 genus,
899 4808 974 4885 quo
1000 4784 1186 4888 Diogenes
1221 4813 1307 4861 usus
1340 4803 1406 4878 est,
1442 4814 1463 4861 a
1489 4784 1709 4880 Melanthio,
1743 4787 1919 4891 Diogenis
