4492 5686
1031 208 1080 281 99

938 323 1173 349 mmm

265 468 347 541 dam
373 483 523 569 poetam
549 464 738 568 Myrtilum
766 462 976 538 Athenaeus
1002 464 1235 555 intellexerit,
1272 467 1336 565 qui
1367 467 1397 537 si
1423 468 1606 537 comicum
1633 461 1754 537 dicere
1782 489 1845 538 vo·

263 592 408 681 luisset,
446 615 523 663 non
554 586 699 664 videtur
733 585 975 662 dubitandum
1009 614 1087 663 esse
1115 593 1205 691 quin
1230 586 1267 663 id
1294 593 1332 660 in
1358 604 1456 661 tanta
1484 587 1592 660 huius
1618 604 1750 689 poetae
1778 587 1845 661 ob·

263 719 432 789 scuritate
459 713 585 815 aliquo
612 710 726 786 modo
753 709 977 787 indicaturus
1006 712 1153 804 fnisset3
1181 711 1321 787 accedit
1348 711 1447 813 quod
1476 738 1665 812 nunquam
1690 715 1847 812 scriptor

261 837 452 939 Myrtilum
479 853 628 940 poetam
661 834 706 908 ad
737 852 859 938 partes
891 839 1047 910 vocavit.
1103 835 1177 909 Pro
1204 832 1365 911 διαιτᾶται
1391 852 1511 910 autem
1538 852 1636 909 recte
1663 834 1845 936 Schweig-

262 962 459 1036 haeuserus
484 956 592 1054 λαιτᾷ
618 964 789 1051 coniecit,
821 958 924 1061 quod
949 964 1140 1062 sequentia
1168 960 1398 1035 confirmant.

401 1084 496 1158 XIII
518 1112 557 1186 p.
577 1087 648 1159 573
663 1087 703 1158 b.
735 1077 911 1183 καταλέξω
939 1078 973 1155 δέ
990 1111 1042 1157 σοι
1064 1129 1100 1142 -
1115 1077 1256 1170 Ἰωνικήν
1283 1113 1354 1157 τινα
1379 1085 1480 1192 ῥῆσιν,
1511 1077 1653 1159 ἐκτείνας
1679 1077 1767 1155 nurci
1792 1075 1846 1154 riv

261 1202 444 1302 Αἰσχύλου,
471 1204 542 1315 περὶ
566 1208 708 1314 ἑταιρῶν,
734 1200 915 1314 ἀρξάμενος
939 1199 1006 1280 εἶπέ
1031 1209 1086 1294 τῆς
1114 1210 1218 1294 καλῶς
1242 1202 1410 1315 Κορίνθου.
1463 1207 1530 1281 His
1556 1209 1677 1282 verbis
1704 1206 1811 1309 praef
1830 1250 1845 1263 ·

262 1351 322 1409 tur
341 1336 499 1434 scriptor
519 1331 633 1432 longo
654 1335 815 1404 sermoni
836 1330 882 1404 de
904 1333 1168 1405 meretricibus.
1223 1330 1368 1405 Excidit
1389 1347 1510 1404 autem
1532 1330 1679 1404 fabulae
1699 1355 1845 1414 nornen,

261 1461 301 1529 in
332 1481 404 1558 qua
430 1455 633 1558 Aeschylus
667 1456 782 1530 verbo
813 1449 957 1528 ἐκτείνειν
991 1453 1037 1528 de
1069 1456 1182 1555 longo
1215 1481 1385 1529 sermone
1417 1453 1576 1545 dixerat3
1614 1452 1716 1555 quod
1749 1458 1845 1526 enim

262 1583 374 1654 cuivis
410 1583 446 1653 in
479 1596 639 1653 mentem
678 1581 800 1653 veniat
831 1570 1017 1670 Αἰσχύλον,
1052 1581 1183 1651 merito
1217 1581 1344 1652 reiecit
1374 1576 1605 1652 Dindorfius.
1669 1576 1846 1678 Suspicor

261 1703 372 1777 fuisse
398 1698 540 1779 ἐκτείνας
567 1695 657 1776 κατὰ
682 1695 735 1774 riv
761 1695 937 1794 Αἰσχύλου
952 1698 1192 1793 Ἀγαμέμνονα,
1220 1700 1281 1774 cll.
1312 1705 1387 1775 eius
1414 1702 1559 1775 fabulae
1580 1728 1633 1775 rs.
1652 1709 1724 1773 803
1753 1699 1846 1775 θεοῖς

262 1822 317 1917 μὲν
342 1821 483 1926 ἐξέτεινα
510 1822 652 1934 φροίμιον
679 1816 761 1907 ride,
788 1843 825 1900 et
844 1831 917 1900 890
944 1818 1072 1933 μακρῶν
1095 1819 1161 1933 γὰρ
1184 1821 1350 1926 ἐξέτεινας.

401 1950 495 2023 ΧΙΠ
526 1978 565 2052 p.
591 1951 662 2024 574
682 1977 715 2024 a.
776 1947 974 2024 Pindarus:
1012 1950 1108 2058 sapiu
1147 1944 1273 2036 ἀγέλαν
1307 1942 1487 2038 ἕκατίγγωι
1521 1950 1673 2045 Ξενοφῶν
1711 1943 1846 2023 τελείαις

261 2066 403 2162 ἐπήγαγ’
434 2077 599 2166 εὐχωλαῖς
630 2070 764 2150 ἰανθείς.
822 2074 922 2147 Haec
958 2072 1156 2175 Sophoclis
1192 2077 1409 2175 interpretes
1448 2072 1623 2146 adhibere
1660 2070 1845 2145 debebant

262 2197 487 2300 explicandis
513 2199 634 2273 verbis
663 2195 760 2272 Oed.
782 2196 868 2271 Col.
892 2197 965 2271 722
992 2198 1055 2269 τῶν
1080 2187 1311 2286 ἑκατομπέδων
1334 2189 1478 2302 Νηρῄδων
1504 2189 1701 2272 ἀκόλουθος.
1743 2193 1843 2287 Quid

263 2326 360 2396 enim
387 2319 485 2392 aliud
514 2337 568 2395 est
594 2313 808 2408 ἑκατίγγνιος
836 2345 945 2421 quam
971 2312 1202 2410 ἑκατόμποοςῗ
1229 2318 1329 2422 quod
1353 2347 1467 2421 quum
1486 2337 1587 2395 recte
1611 2320 1843 2394 Hermannus

262 2444 308 2517 de
340 2443 462 2516 multis
492 2440 711 2517 Nereidibus
744 2442 959 2546 explicuisse
990 2442 1175 2536 videatur,
1212 2448 1321 2518 etiam
1345 2441 1524 2518 Pindarus
1549 2444 1844 2546 Xenophontem

262 2567 393 2641 multas
429 2571 635 2640 meretrices
663 2566 797 2639 Veneri
829 2566 1015 2642 dedicasse
1048 2566 1178 2642 dixisse
1210 2565 1394 2671 putandus
1426 2586 1491 2642 est.
1546 2568 1606 2642 De
1634 2570 1843 2643 centenario

261 2717 416 2766 numero
424 2688 507 2764 vide
517 2688 745 2764 Huschlsium
758 2688 804 2763 ad
817 2689 958 2765 Tibull.
968 2691 1000 2782 l,
1017 2693 1053 2781 7,
1067 2697 1112 2764 49
1124 2692 1391 2792 etWagnerum
1402 2692 1446 2765 ad
1457 2691 1554 2792 Virg.
1564 2690 1774 2792 GeorgIlI,
1789 2699 1843 2761 18.

401 2813 495 2886 ΧΙΠ
510 2842 550 2916 p.
569 2814 641 2887 577
657 2810 695 2885 d.
741 2812 934 2887 Machonis
960 2812 1020 2886 hic
1047 2837 1172 2886 versus
1197 2814 1379 2914 leguntur,
1412 2840 1569 2915 quorum
1598 2817 1776 2916 postremi
1794 2816 1842 2885 ita

262 2936 467 3038 corrigendi
485 2954 587 3011 sunt:

1028 3060 1114 3161 pori
1135 3059 1191 3136 nal
1213 3057 1268 3150 τὴν
1294 3058 1416 3136 Μανίαν

668 3181 721 3259 τὸν
747 3176 895 3265 βασιλέ’
923 3189 1066 3280 εὐμελῶς
1092 3183 1247 3273 κελητίσζ
1274 3179 1442 3296 ὑπεράγαν

668 3308 882 3398 ἕπαινεθῶναί
901 3309 958 3395 θ’,
983 3314 1001 3397 ἡ
1028 3306 1061 3384 di
1086 3315 1198 3386 τοιοῦτ’
1226 3309 1392 3420 ἀπεκρίθη
1413 3358 1451 3371 -

262 3433 382 3533 Vulgo
417 3426 559 3520 Λίμναι,
598 3432 698 3531 quod
732 3450 774 3506 ut
803 3434 1013 3508 Athenaeus
1042 3439 1198 3535 scripsit,
1234 3433 1369 3507 Macho
1402 3436 1562 3508 scribere
1594 3462 1671 3510 non
1703 3442 1839 3538 potuit.

262 3556 461 3657 Sequentia
489 3558 526 3627 in
554 3554 657 3628 libris
680 3559 728 3631 ita
751 3561 883 3659 scripta
910 3573 995 3629 sunt
1015 3550 1069 3628 riv
1094 3547 1247 3636 βασιλέα
1273 3550 1414 3642 εὐμελῶς
1441 3552 1608 3644 κελητίσαι
1633 3561 1841 3666 ὐπερεπαινε·

260 3676 366 3764 aava(
385 3677 441 3759 θ’,
466 3681 484 3763 ἡ
511 3673 543 3749 δὲ
569 3679 653 3752 τούπ’
681 3675 858 3786 ἀπεκρίθη.
910 3679 1110 3781 Nunquam
1128 3679 1264 3754 Macho
1284 3681 1432 3756 brevem
1452 3682 1627 3785 syllabam
1651 3698 1736 3756 ante
1760 3710 1840 3756 mu·

261 3821 334 3877 tam
361 3819 397 3876 et
423 3801 600 3904 liquidam
628 3801 820 3904 produxit3
851 3829 935 3876 nam
967 3830 1007 3907 p.
1027 3809 1096 3876 581
1119 3806 1155 3877 b.
1183 3803 1378 3906 legendum
1404 3797 1519 3906 ἔταξεν
1546 3809 1560 3877 ὁ
1588 3801 1619 3878 δ’
1646 3799 1740 3905 ὐφνω
1768 3836 1840 3880 και-

261 3923 350 4031 ρίμην
384 3923 531 4014 πληγείς.
587 3923 762 3999 Eiusdem
797 3927 944 4029 eclogae
978 3953 1031 4004 vs.
1062 3928 1083 4002 7
1125 3926 1245 4002 editur
1282 3920 1390 4035 va'pdor
1431 3924 1504 4003 τινα
1542 3926 1669 4003 ὐιένειισ
1703 3935 1842 4020 ἐνεγκεῖν

261 4052 396 4158 εὐμερῶ,
431 4053 495 4124 ubi
526 4076 596 4153 pro
622 4049 756 4156 εὐχερῆ,
783 4054 866 4142 nisi,
898 4048 999 4153 quod
1026 4078 1103 4126 non
1129 4068 1235 4155 put0,
1265 4050 1303 4125 id
1332 4050 1378 4126 de
1403 4053 1468 4129 vili
1494 4071 1531 4129 et
1556 4055 1663 4129 facile
1687 4056 1843 4158 parabili

259 4191 448 4275 unguento
479 4174 582 4265 dixit,
612 4171 845 4247 scribendum
873 4169 1031 4283 λισγμρῆ,
1059 4175 1370 4279 quemadmodum
1395 4176 1590 4254 Pausanias
1608 4179 1654 4270 V,
1676 4184 1712 4269 5,
1737 4185 1757 4254 5
1786 4179 1841 4252 di·

260 4303 312 4372 xit
338 4291 504 4404 δυσχερὴς
529 4287 611 4385 idad
631 4313 666 4371 et
684 4297 912 4373 Nicostratus
932 4299 1114 4375 Athenaei
1131 4301 1187 4374 XI
1205 4329 1243 4405 p.
1262 4306 1333 4376 499
1351 4330 1380 4376 c.
1400 4296 1564 4411 ὐοσχερύς
1579 4296 1722 4391 λάγανον
1739 4296 1841 4404 ignor.

400 4420 493 4495 XIII
515 4447 554 4523 p.
574 4422 646 4495 578
666 4449 699 4495 c.
754 4423 890 4496 Mache
921 4422 1074 4499 lortasse
1110 4428 1240 4499 mirum
1275 4424 1393 4500 videri
1422 4453 1531 4529 posse
1561 4426 1650 4503 dicit
1681 4429 1840 4503 Atticam

261 4544 449 4617 mulierem
469 4543 628 4648 Phrygio
647 4550 798 4620 nomine
815 4548 975 4622 Maniam
994 4549 1190 4651 appellari:
1220 4537 1312 4636 ἢτῆν
1326 4547 1509 4635 Ἀθηναίων
1523 4548 1554 4625 τὶ
1571 4545 1721 4626 κωλύσαι
1736 4544 1839 4632 πόλιν,

261 4669 315 4766 ὐφ’
337 4660 373 4752 εἷς
394 4659 534 4743 ἅπαντές
553 4673 630 4742 εἰσιν
651 4665 928 4777 ἐπηνωρθωμένοι.
982 4671 1225 4747 Scribendum
1251 4680 1430 4778 suspicor:
