<?xml version="1.0" encoding="UTF-8"?>
<!DOCTYPE html PUBLIC "-//W3C//DTD XHTML 1.0 Transitional//EN"
    "http://www.w3.org/TR/xhtml1/DTD/xhtml1-transitional.dtd">
<html xmlns="http://www.w3.org/1999/xhtml" xml:lang="en" lang="en">
 <head>
  <title>
</title>
<meta http-equiv="Content-Type" content="text/html;charset=utf-8" />
  <meta name='ocr-system' content='tesseract 3.04.00' />
  <meta name='ocr-capabilities' content='ocr_page ocr_carea ocr_par ocr_line ocrx_word'/>
</head>
<body>
  <div class='ocr_page' id='page_1' title='image "./philologicarume00meingoog_0099.png"; bbox 0 0 4492 5686; ppageno 0'>
   <div class='ocr_carea' id='block_1_1' title="bbox 1035 167 1085 240">
    <p class='ocr_par' dir='ltr' id='par_1_1' title="bbox 1035 167 1085 240">
     <span class='ocr_line' id='line_1_1' title="bbox 1035 167 1085 240; baseline 0 0"><span class='ocrx_word' id='word_1_1' title='bbox 1035 167 1085 240; x_wconf 77' lang='lat'><strong>39</strong></span> 
     </span>
    </p>
   </div>
   <div class='ocr_carea' id='block_1_2' title="bbox 942 283 1178 312">
    <p class='ocr_par' dir='ltr' id='par_1_2' title="bbox 942 283 1178 312">
     <span class='ocr_line' id='line_1_2' title="bbox 942 283 1178 312; baseline -0.008 0"><span class='ocrx_word' id='word_1_2' title='bbox 942 283 1178 312; x_wconf 65' lang='lat' dir='ltr'><strong>mmm</strong></span> 
     </span>
    </p>
   </div>
   <div class='ocr_carea' id='block_1_3' title="bbox 263 422 1850 4108">
    <p class='ocr_par' dir='ltr' id='par_1_3' title="bbox 263 422 1850 4108">
     <span class='ocr_line' id='line_1_3' title="bbox 408 422 1850 529; baseline -0.001 -28"><span class='ocrx_word' id='word_1_3' title='bbox 408 426 487 501; x_wconf 88' lang='lat' dir='ltr'><strong>XV</strong></span> <span class='ocrx_word' id='word_1_4' title='bbox 513 452 553 529; x_wconf 92' lang='lat' dir='ltr'><strong>p.</strong></span> <span class='ocrx_word' id='word_1_5' title='bbox 577 428 652 498; x_wconf 88' lang='grc'><strong>682</strong></span> <span class='ocrx_word' id='word_1_6' title='bbox 674 450 707 499; x_wconf 89' lang='lat' dir='ltr'><strong>e.</strong></span> <span class='ocrx_word' id='word_1_7' title='bbox 770 422 1075 501; x_wconf 70' lang='lat' dir='ltr'><strong>venustissimum</strong></span> <span class='ocrx_word' id='word_1_8' title='bbox 1106 422 1330 528; x_wconf 79' lang='lat' dir='ltr'>Cypriorum</span> <span class='ocrx_word' id='word_1_9' title='bbox 1368 429 1571 501; x_wconf 83' lang='lat' dir='ltr'><strong>carminum</strong></span> <span class='ocrx_word' id='word_1_10' title='bbox 1609 425 1850 528; x_wconf 64' lang='lat' dir='ltr'><strong>fragmentum</strong></span> 
     </span>
     <span class='ocr_line' id='line_1_4' title="bbox 268 546 1581 652; baseline 0.002 -29"><span class='ocrx_word' id='word_1_11' title='bbox 268 553 367 652; x_wconf 85' lang='lat' dir='ltr'><strong>attigi</strong></span> <span class='ocrx_word' id='word_1_12' title='bbox 392 549 552 652; x_wconf 85' lang='lat' dir='ltr'><strong>Ephem.</strong></span> <span class='ocrx_word' id='word_1_13' title='bbox 573 546 770 624; x_wconf 86' lang='lat' dir='ltr'><strong>Archaeol.</strong></span> <span class='ocrx_word' id='word_1_14' title='bbox 793 574 826 623; x_wconf 88' lang='lat' dir='ltr'><strong>a.</strong></span> <span class='ocrx_word' id='word_1_15' title='bbox 852 553 962 623; x_wconf 79' lang='grc'><strong>1845.</strong></span> <span class='ocrx_word' id='word_1_16' title='bbox 1016 548 1072 622; x_wconf 91' lang='lat' dir='ltr'><strong>Ita</strong></span> <span class='ocrx_word' id='word_1_17' title='bbox 1098 565 1218 623; x_wconf 89' lang='lat' dir='ltr'><strong>autem</strong></span> <span class='ocrx_word' id='word_1_18' title='bbox 1246 546 1481 623; x_wconf 85' lang='lat' dir='ltr'><strong>scribendum</strong></span> <span class='ocrx_word' id='word_1_19' title='bbox 1508 565 1581 625; x_wconf 90' lang='lat' dir='ltr'><strong>est:</strong></span> 
     </span>
     <span class='ocr_line' id='line_1_5' title="bbox 583 662 1542 782; baseline -0.003 -35"><span class='ocrx_word' id='word_1_20' title='bbox 583 668 715 764; x_wconf 79' lang='grc' dir='ltr'><strong><em>Εἵματα</em></strong></span> <span class='ocrx_word' id='word_1_21' title='bbox 740 665 797 762; x_wconf 70' lang='grc' dir='ltr'><strong>μὲν</strong></span> <span class='ocrx_word' id='word_1_22' title='bbox 822 662 907 779; x_wconf 69' lang='grc' dir='ltr'><strong>χροῒ</strong></span> <span class='ocrx_word' id='word_1_23' title='bbox 925 662 1003 746; x_wconf 74' lang='grc' dir='ltr'><strong><em>ἕστο</em></strong></span> <span class='ocrx_word' id='word_1_24' title='bbox 1030 663 1075 745; x_wconf 87' lang='grc' dir='ltr'><strong>τά</strong></span> <span class='ocrx_word' id='word_1_25' title='bbox 1101 676 1130 744; x_wconf 77' lang='grc' dir='ltr'><strong>οἱ</strong></span> <span class='ocrx_word' id='word_1_26' title='bbox 1151 664 1285 780; x_wconf 78' lang='grc' dir='ltr'><strong><em>Χάριτές</em></strong></span> <span class='ocrx_word' id='word_1_27' title='bbox 1308 700 1346 745; x_wconf 87' lang='grc' dir='ltr'><strong>τε</strong></span> <span class='ocrx_word' id='word_1_28' title='bbox 1373 669 1427 746; x_wconf 79' lang='grc' dir='ltr'><strong>καί</strong></span> <span class='ocrx_word' id='word_1_29' title='bbox 1443 666 1542 782; x_wconf 74' lang='grc' dir='ltr'><strong><em>Ὠραι</em></strong></span> 
     </span>
     <span class='ocr_line' id='line_1_6' title="bbox 584 785 1410 902; baseline -0.002 -32"><span class='ocrx_word' id='word_1_30' title='bbox 584 794 722 882; x_wconf 80' lang='grc' dir='ltr'><strong><em>ποίησαν</em></strong></span> <span class='ocrx_word' id='word_1_31' title='bbox 750 792 804 870; x_wconf 75' lang='grc' dir='ltr'><strong>καί</strong></span> <span class='ocrx_word' id='word_1_32' title='bbox 828 786 974 887; x_wconf 65' lang='grc' dir='ltr'><strong><em>ἔβαψαν</em></strong></span> <span class='ocrx_word' id='word_1_33' title='bbox 999 799 1030 869; x_wconf 81' lang='grc' dir='ltr'><strong>ἓν</strong></span> <span class='ocrx_word' id='word_1_34' title='bbox 1056 785 1195 869; x_wconf 71' lang='grc' dir='ltr'><strong><em>άνθεσιν</em></strong></span> <span class='ocrx_word' id='word_1_35' title='bbox 1222 794 1410 902; x_wconf 79' lang='grc' dir='ltr'><strong>εἰαρινοῖσιν,Ι</strong></span> 
     </span>
     <span class='ocr_line' id='line_1_7' title="bbox 586 910 1477 1028; baseline -0.001 -34"><span class='ocrx_word' id='word_1_36' title='bbox 586 918 636 995; x_wconf 75' lang='grc' dir='ltr'><strong>οἷα</strong></span> <span class='ocrx_word' id='word_1_37' title='bbox 662 921 795 1028; x_wconf 79' lang='grc' dir='ltr'><strong><em>φοροῢσ’</em></strong></span> <span class='ocrx_word' id='word_1_38' title='bbox 823 916 912 1028; x_wconf 72' lang='grc' dir='ltr'><strong><em>ὧραι,</em></strong></span> <span class='ocrx_word' id='word_1_39' title='bbox 936 911 968 993; x_wconf 77' lang='grc' dir='ltr'><strong>ἕν</strong></span> <span class='ocrx_word' id='word_1_40' title='bbox 993 949 1031 994; x_wconf 85' lang='grc' dir='ltr'><strong>τε</strong></span> <span class='ocrx_word' id='word_1_41' title='bbox 1056 910 1162 1028; x_wconf 80' lang='grc' dir='ltr'><strong><em>κρίκῳ</em></strong></span> <span class='ocrx_word' id='word_1_42' title='bbox 1188 911 1220 992; x_wconf 74' lang='grc' dir='ltr'><strong>ἕν</strong></span> <span class='ocrx_word' id='word_1_43' title='bbox 1245 918 1285 991; x_wconf 74' lang='grc' dir='ltr'><strong>θ’</strong></span> <span class='ocrx_word' id='word_1_44' title='bbox 1313 914 1477 1015; x_wconf 66' lang='grc' dir='ltr'><strong><em>ὑακίνθῳ,</em></strong></span> 
     </span>
     <span class='ocr_line' id='line_1_8' title="bbox 584 1035 1446 1154; baseline -0.002 -35"><span class='ocrx_word' id='word_1_45' title='bbox 584 1039 616 1119; x_wconf 81' lang='grc' dir='ltr'><strong>ἔν</strong></span> <span class='ocrx_word' id='word_1_46' title='bbox 640 1073 678 1119; x_wconf 90' lang='grc' dir='ltr'><strong>τε</strong></span> <span class='ocrx_word' id='word_1_47' title='bbox 702 1038 739 1138; x_wconf 78' lang='grc' dir='ltr'><strong>ίῳ</strong></span> <span class='ocrx_word' id='word_1_48' title='bbox 765 1040 956 1118; x_wconf 70' lang='grc' dir='ltr'><em>θαλέθοντι</em></span> <span class='ocrx_word' id='word_1_49' title='bbox 982 1036 1071 1154; x_wconf 78' lang='grc' dir='ltr'><strong><em>ῥίδου</em></strong></span> <span class='ocrx_word' id='word_1_50' title='bbox 1097 1045 1124 1117; x_wconf 85' lang='grc' dir='ltr'><strong>τ’</strong></span> <span class='ocrx_word' id='word_1_51' title='bbox 1151 1039 1193 1116; x_wconf 76' lang='grc' dir='ltr'><strong>ἐνί</strong></span> <span class='ocrx_word' id='word_1_52' title='bbox 1218 1035 1321 1118; x_wconf 71' lang='grc' dir='ltr'><strong><em>ἄνθεϊ</em></strong></span> <span class='ocrx_word' id='word_1_53' title='bbox 1341 1045 1446 1138; x_wconf 78' lang='grc' dir='ltr'><strong><em>καλῷ,</em></strong></span> 
     </span>
     <span class='ocr_line' id='line_1_9' title="bbox 583 1158 1517 1276; baseline -0.003 -34"><span class='ocrx_word' id='word_1_54' title='bbox 583 1164 655 1255; x_wconf 79' lang='grc' dir='ltr'><strong><em>ἡδέϊ</em></strong></span> <span class='ocrx_word' id='word_1_55' title='bbox 675 1162 843 1276; x_wconf 73' lang='grc' dir='ltr'><strong><em>νεκταρέῳ,</em></strong></span> <span class='ocrx_word' id='word_1_56' title='bbox 870 1159 901 1239; x_wconf 78' lang='grc' dir='ltr'><strong>ἕν</strong></span> <span class='ocrx_word' id='word_1_57' title='bbox 926 1168 954 1241; x_wconf 81' lang='grc' dir='ltr'><strong>τ’</strong></span> <span class='ocrx_word' id='word_1_58' title='bbox 981 1158 1182 1275; x_wconf 69' lang='grc' dir='ltr'><em>ἀμβροσίαις</em></span> <span class='ocrx_word' id='word_1_59' title='bbox 1209 1159 1412 1243; x_wconf 71' lang='grc' dir='ltr'>καλύκεσσιν</span> <span class='ocrx_word' id='word_1_60' title='bbox 1438 1223 1448 1240; x_wconf 91' lang='grc'><strong>.</strong></span> <span class='ocrx_word' id='word_1_61' title='bbox 1475 1223 1483 1240; x_wconf 95' lang='grc'><strong>.</strong></span> <span class='ocrx_word' id='word_1_62' title='bbox 1510 1227 1517 1239; x_wconf 95' lang='grc'><strong><em>.</em></strong></span> 
     </span>
     <span class='ocr_line' id='line_1_10' title="bbox 584 1286 1396 1400; baseline -0.002 -34"><span class='ocrx_word' id='word_1_63' title='bbox 584 1287 707 1367; x_wconf 71' lang='grc' dir='ltr'><strong><em>ἄνθεσι</em></strong></span> <span class='ocrx_word' id='word_1_64' title='bbox 733 1287 912 1400; x_wconf 74' lang='grc' dir='ltr'><strong><em>ναρκίσσου</em></strong></span> <span class='ocrx_word' id='word_1_65' title='bbox 938 1288 994 1365; x_wconf 77' lang='grc' dir='ltr'><strong>καί</strong></span> <span class='ocrx_word' id='word_1_66' title='bbox 1016 1286 1132 1399; x_wconf 88' lang='grc' dir='ltr'><strong><em>λιρίου·</em></strong></span> <span class='ocrx_word' id='word_1_67' title='bbox 1159 1286 1204 1362; x_wconf 72' lang='grc' dir='ltr'><strong>οἷ’</strong></span> <span class='ocrx_word' id='word_1_68' title='bbox 1223 1288 1396 1400; x_wconf 77' lang='grc' dir='ltr'><strong><em>Ἀφροδίτη</em></strong></span> 
     </span>
     <span class='ocr_line' id='line_1_11' title="bbox 586 1405 1364 1526; baseline -0.004 -36"><span class='ocrx_word' id='word_1_69' title='bbox 586 1405 681 1526; x_wconf 76' lang='grc' dir='ltr'><strong><em>ὥραις</em></strong></span> <span class='ocrx_word' id='word_1_70' title='bbox 706 1410 873 1492; x_wconf 75' lang='grc' dir='ltr'><strong><em>παντοίαις</em></strong></span> <span class='ocrx_word' id='word_1_71' title='bbox 895 1408 1092 1506; x_wconf 69' lang='grc' dir='ltr'><strong><em>τεθυωμένα</em></strong></span> <span class='ocrx_word' id='word_1_72' title='bbox 1117 1410 1235 1506; x_wconf 79' lang='grc' dir='ltr'><strong><em>εἵματα</em></strong></span> <span class='ocrx_word' id='word_1_73' title='bbox 1260 1407 1364 1489; x_wconf 74' lang='grc' dir='ltr'><strong><em>ἕσται.</em></strong></span> 
     </span>
     <span class='ocr_line' id='line_1_12' title="bbox 268 1531 1849 1645; baseline -0.001 -30"><span class='ocrx_word' id='word_1_74' title='bbox 268 1540 385 1615; x_wconf 90' lang='lat' dir='ltr'><strong>Versu</strong></span> <span class='ocrx_word' id='word_1_75' title='bbox 417 1545 538 1645; x_wconf 90' lang='lat' dir='ltr'><strong>primo</strong></span> <span class='ocrx_word' id='word_1_76' title='bbox 571 1536 689 1626; x_wconf 76' lang='grc' dir='ltr'><strong><em>εἵματα</em></strong></span> <span class='ocrx_word' id='word_1_77' title='bbox 720 1540 871 1617; x_wconf 89' lang='lat' dir='ltr'><strong>Canteri</strong></span> <span class='ocrx_word' id='word_1_78' title='bbox 898 1537 1106 1614; x_wconf 79' lang='lat' dir='ltr'><strong>emendatio</strong></span> <span class='ocrx_word' id='word_1_79' title='bbox 1134 1555 1201 1632; x_wconf 83' lang='lat' dir='ltr'><strong>est,</strong></span> <span class='ocrx_word' id='word_1_80' title='bbox 1230 1542 1270 1613; x_wconf 90' lang='lat' dir='ltr'><strong>in</strong></span> <span class='ocrx_word' id='word_1_81' title='bbox 1295 1539 1400 1614; x_wconf 86' lang='lat' dir='ltr'><strong>libris</strong></span> <span class='ocrx_word' id='word_1_82' title='bbox 1425 1531 1539 1630; x_wconf 82' lang='grc' dir='ltr'><strong><em>ἱμάτια</em></strong></span> <span class='ocrx_word' id='word_1_83' title='bbox 1564 1542 1755 1642; x_wconf 87' lang='lat' dir='ltr'><strong>scriptum,</strong></span> <span class='ocrx_word' id='word_1_84' title='bbox 1786 1542 1849 1638; x_wconf 90' lang='lat' dir='ltr'><strong>qui</strong></span> 
     </span>
     <span class='ocr_line' id='line_1_13' title="bbox 265 1653 1846 1772; baseline -0.004 -33"><span class='ocrx_word' id='word_1_85' title='bbox 265 1664 409 1767; x_wconf 86' lang='lat' dir='ltr'><strong>reliqua</strong></span> <span class='ocrx_word' id='word_1_86' title='bbox 434 1671 485 1740; x_wconf 86' lang='lat' dir='ltr'><strong>ita</strong></span> <span class='ocrx_word' id='word_1_87' title='bbox 510 1664 686 1740; x_wconf 84' lang='lat' dir='ltr'><strong>exhibent</strong></span> <span class='ocrx_word' id='word_1_88' title='bbox 702 1659 758 1755; x_wconf 72' lang='grc' dir='ltr'><strong>μὲν</strong></span> <span class='ocrx_word' id='word_1_89' title='bbox 777 1663 897 1772; x_wconf 73' lang='grc' dir='ltr'><strong><em>χροιᾶς</em></strong></span> <span class='ocrx_word' id='word_1_90' title='bbox 915 1655 991 1737; x_wconf 80' lang='grc' dir='ltr'><strong><em>τίτε</em></strong></span> <span class='ocrx_word' id='word_1_91' title='bbox 1010 1667 1046 1736; x_wconf 67' lang='grc' dir='ltr'><strong><em>αι’</em></strong></span> <span class='ocrx_word' id='word_1_92' title='bbox 1062 1653 1196 1772; x_wconf 71' lang='grc' dir='ltr'><strong><em>Χάριτάς</em></strong></span> <span class='ocrx_word' id='word_1_93' title='bbox 1217 1691 1254 1735; x_wconf 86' lang='grc' dir='ltr'><strong>τε</strong></span> <span class='ocrx_word' id='word_1_94' title='bbox 1272 1659 1327 1736; x_wconf 82' lang='grc' dir='ltr'><strong>καί</strong></span> <span class='ocrx_word' id='word_1_95' title='bbox 1348 1658 1434 1770; x_wconf 69' lang='grc' dir='ltr'><strong><em>οἷραι.</em></strong></span> <span class='ocrx_word' id='word_1_96' title='bbox 1485 1663 1559 1738; x_wconf 90' lang='lat' dir='ltr'><strong>Pro</strong></span> <span class='ocrx_word' id='word_1_97' title='bbox 1579 1662 1698 1770; x_wconf 66' lang='grc' dir='ltr'><strong><em>χροιᾶς</em></strong></span> <span class='ocrx_word' id='word_1_98' title='bbox 1715 1659 1846 1736; x_wconf 86' lang='lat' dir='ltr'><strong>Schol.</strong></span> 
     </span>
     <span class='ocr_line' id='line_1_14' title="bbox 265 1783 1849 1895; baseline -0.003 -33"><span class='ocrx_word' id='word_1_99' title='bbox 265 1787 420 1864; x_wconf 89' lang='lat' dir='ltr'><strong>Luciani</strong></span> <span class='ocrx_word' id='word_1_100' title='bbox 453 1787 499 1864; x_wconf 89' lang='lat' dir='ltr'><strong>de</strong></span> <span class='ocrx_word' id='word_1_101' title='bbox 530 1789 611 1864; x_wconf 90' lang='lat' dir='ltr'><strong>salt.</strong></span> <span class='ocrx_word' id='word_1_102' title='bbox 649 1816 683 1864; x_wconf 90' lang='lat' dir='ltr'><strong>c.</strong></span> <span class='ocrx_word' id='word_1_103' title='bbox 709 1793 745 1865; x_wconf 80' lang='lat'><strong>5.</strong></span> <span class='ocrx_word' id='word_1_104' title='bbox 781 1788 909 1891; x_wconf 87' lang='lat' dir='ltr'><strong>paullo</strong></span> <span class='ocrx_word' id='word_1_105' title='bbox 943 1791 1099 1890; x_wconf 87' lang='lat' dir='ltr'><strong>propius</strong></span> <span class='ocrx_word' id='word_1_106' title='bbox 1131 1811 1221 1863; x_wconf 86' lang='lat' dir='ltr'><strong>vero</strong></span> <span class='ocrx_word' id='word_1_107' title='bbox 1254 1785 1367 1862; x_wconf 85' lang='lat' dir='ltr'><strong>habet</strong></span> <span class='ocrx_word' id='word_1_108' title='bbox 1399 1783 1525 1895; x_wconf 68' lang='grc' dir='ltr'><strong><em>χροίας.</em></strong></span> <span class='ocrx_word' id='word_1_109' title='bbox 1576 1783 1849 1889; x_wconf 89' lang='lat' dir='ltr'><strong>Reponendum</strong></span> 
     </span>
     <span class='ocr_line' id='line_1_15' title="bbox 268 1904 1849 2018; baseline -0.001 -33"><span class='ocrx_word' id='word_1_110' title='bbox 268 1911 371 2013; x_wconf 91' lang='lat' dir='ltr'><strong>quod</strong></span> <span class='ocrx_word' id='word_1_111' title='bbox 397 1939 508 2016; x_wconf 86' lang='lat' dir='ltr'><strong>supra</strong></span> <span class='ocrx_word' id='word_1_112' title='bbox 535 1910 647 1989; x_wconf 91' lang='lat' dir='ltr'><strong>edidi.</strong></span> <span class='ocrx_word' id='word_1_113' title='bbox 702 1912 767 1988; x_wconf 88' lang='lat' dir='ltr'><strong>Vs.</strong></span> <span class='ocrx_word' id='word_1_114' title='bbox 788 1920 811 1985; x_wconf 85' lang='lat'>3</span> <span class='ocrx_word' id='word_1_115' title='bbox 836 1906 914 2018; x_wconf 73' lang='grc' dir='ltr'><strong><em>ὧραι</em></strong></span> <span class='ocrx_word' id='word_1_116' title='bbox 939 1909 1174 1985; x_wconf 89' lang='lat' dir='ltr'><strong>scribendum</strong></span> <span class='ocrx_word' id='word_1_117' title='bbox 1200 1926 1278 1984; x_wconf 87' lang='lat' dir='ltr'><strong>erat</strong></span> <span class='ocrx_word' id='word_1_118' title='bbox 1307 1937 1384 1984; x_wconf 86' lang='lat' dir='ltr'><strong>non</strong></span> <span class='ocrx_word' id='word_1_119' title='bbox 1403 1904 1510 2018; x_wconf 81' lang='grc' dir='ltr'><strong><em>Ὧραι.</em></strong></span> <span class='ocrx_word' id='word_1_120' title='bbox 1562 1910 1652 1986; x_wconf 84' lang='lat' dir='ltr'><strong>Post</strong></span> <span class='ocrx_word' id='word_1_121' title='bbox 1679 1915 1849 2011; x_wconf 85' lang='lat' dir='ltr'><strong>quintum</strong></span> 
     </span>
     <span class='ocr_line' id='line_1_16' title="bbox 265 2026 1847 2141; baseline -0.002 -32"><span class='ocrx_word' id='word_1_122' title='bbox 265 2061 411 2110; x_wconf 85' lang='lat' dir='ltr'><strong>versum</strong></span> <span class='ocrx_word' id='word_1_123' title='bbox 437 2036 577 2138; x_wconf 86' lang='lat' dir='ltr'><strong>aliquid</strong></span> <span class='ocrx_word' id='word_1_124' title='bbox 604 2034 779 2111; x_wconf 85' lang='lat' dir='ltr'><strong>excidisse</strong></span> <span class='ocrx_word' id='word_1_125' title='bbox 806 2051 973 2137; x_wconf 88' lang='lat' dir='ltr'><strong>apertum</strong></span> <span class='ocrx_word' id='word_1_126' title='bbox 1000 2049 1066 2109; x_wconf 86' lang='lat' dir='ltr'><strong>est.</strong></span> <span class='ocrx_word' id='word_1_127' title='bbox 1122 2031 1187 2109; x_wconf 86' lang='lat' dir='ltr'><strong>Vs.</strong></span> <span class='ocrx_word' id='word_1_128' title='bbox 1216 2037 1238 2106; x_wconf 87' lang='lat'>6</span> <span class='ocrx_word' id='word_1_129' title='bbox 1264 2035 1351 2108; x_wconf 88' lang='lat' dir='ltr'><strong>libri</strong></span> <span class='ocrx_word' id='word_1_130' title='bbox 1383 2035 1461 2108; x_wconf 83' lang='lat' dir='ltr'><strong>fere</strong></span> <span class='ocrx_word' id='word_1_131' title='bbox 1493 2026 1680 2141; x_wconf 78' lang='grc' dir='ltr'><strong><em>καλλιρόαν,</em></strong></span> <span class='ocrx_word' id='word_1_132' title='bbox 1709 2031 1794 2107; x_wconf 89' lang='lat' dir='ltr'><strong>cod.</strong></span> <span class='ocrx_word' id='word_1_133' title='bbox 1816 2030 1847 2106; x_wconf 85' lang='lat' dir='ltr'><strong>B</strong></span> 
     </span>
     <span class='ocr_line' id='line_1_17' title="bbox 266 2151 1847 2267; baseline -0.002 -35"><span class='ocrx_word' id='word_1_134' title='bbox 266 2152 434 2267; x_wconf 80' lang='grc' dir='ltr'><strong><em>καλλιρίυ,</em></strong></span> <span class='ocrx_word' id='word_1_135' title='bbox 464 2157 566 2261; x_wconf 89' lang='lat' dir='ltr'><strong>quod</strong></span> <span class='ocrx_word' id='word_1_136' title='bbox 593 2156 648 2232; x_wconf 76' lang='lat' dir='ltr'><strong>nai</strong></span> <span class='ocrx_word' id='word_1_137' title='bbox 671 2151 771 2266; x_wconf 92' lang='grc' dir='ltr'><strong><em>λιρίου</em></strong></span> <span class='ocrx_word' id='word_1_138' title='bbox 798 2160 873 2234; x_wconf 83' lang='lat' dir='ltr'><strong>sive</strong></span> <span class='ocrx_word' id='word_1_139' title='bbox 899 2158 1005 2232; x_wconf 87' lang='lat' dir='ltr'><strong>malis</strong></span> <span class='ocrx_word' id='word_1_140' title='bbox 1032 2153 1087 2231; x_wconf 79' lang='grc' dir='ltr'><strong>καί</strong></span> <span class='ocrx_word' id='word_1_141' title='bbox 1107 2151 1222 2265; x_wconf 87' lang='grc' dir='ltr'><strong><em>λειρίου</em></strong></span> <span class='ocrx_word' id='word_1_142' title='bbox 1248 2157 1485 2233; x_wconf 85' lang='lat' dir='ltr'><strong>scribendum</strong></span> <span class='ocrx_word' id='word_1_143' title='bbox 1510 2173 1608 2248; x_wconf 82' lang='lat' dir='ltr'><strong>erat3</strong></span> <span class='ocrx_word' id='word_1_144' title='bbox 1635 2151 1732 2264; x_wconf 86' lang='grc' dir='ltr'><strong><em>λίριον</em></strong></span> <span class='ocrx_word' id='word_1_145' title='bbox 1761 2157 1847 2229; x_wconf 86' lang='lat' dir='ltr'><strong>scri·</strong></span> 
     </span>
     <span class='ocr_line' id='line_1_18' title="bbox 264 2277 1847 2386; baseline -0.003 -32"><span class='ocrx_word' id='word_1_146' title='bbox 264 2283 365 2355; x_wconf 84' lang='lat' dir='ltr'><strong>bitur</strong></span> <span class='ocrx_word' id='word_1_147' title='bbox 390 2279 488 2383; x_wconf 85' lang='lat' dir='ltr'><strong>apud</strong></span> <span class='ocrx_word' id='word_1_148' title='bbox 515 2280 739 2384; x_wconf 85' lang='lat' dir='ltr'><strong>Hesychium</strong></span> <span class='ocrx_word' id='word_1_149' title='bbox 766 2297 804 2355; x_wconf 90' lang='lat' dir='ltr'><strong>et</strong></span> <span class='ocrx_word' id='word_1_150' title='bbox 827 2283 867 2354; x_wconf 91' lang='lat' dir='ltr'><strong>in</strong></span> <span class='ocrx_word' id='word_1_151' title='bbox 893 2279 979 2356; x_wconf 85' lang='lat' dir='ltr'><strong>cod.</strong></span> <span class='ocrx_word' id='word_1_152' title='bbox 1006 2280 1049 2355; x_wconf 90' lang='lat' dir='ltr'><strong>B.</strong></span> <span class='ocrx_word' id='word_1_153' title='bbox 1072 2281 1254 2357; x_wconf 86' lang='lat' dir='ltr'><strong>Athenaei</strong></span> <span class='ocrx_word' id='word_1_154' title='bbox 1269 2281 1343 2357; x_wconf 93' lang='lat' dir='ltr'><strong>XV</strong></span> <span class='ocrx_word' id='word_1_155' title='bbox 1356 2310 1397 2386; x_wconf 89' lang='lat' dir='ltr'><strong>p.</strong></span> <span class='ocrx_word' id='word_1_156' title='bbox 1414 2286 1483 2356; x_wconf 86' lang='lat'><strong>681</strong></span> <span class='ocrx_word' id='word_1_157' title='bbox 1504 2309 1537 2357; x_wconf 91' lang='lat' dir='ltr'><strong>e.</strong></span> <span class='ocrx_word' id='word_1_158' title='bbox 1590 2280 1765 2381; x_wconf 90' lang='lat' dir='ltr'><strong>Denique</strong></span> <span class='ocrx_word' id='word_1_159' title='bbox 1790 2277 1847 2350; x_wconf 91' lang='lat' dir='ltr'><strong>ul-</strong></span> 
     </span>
     <span class='ocr_line' id='line_1_19' title="bbox 264 2396 1847 2508; baseline -0.002 -30"><span class='ocrx_word' id='word_1_160' title='bbox 264 2409 356 2479; x_wconf 87' lang='lat' dir='ltr'><strong>timo</strong></span> <span class='ocrx_word' id='word_1_161' title='bbox 382 2431 488 2481; x_wconf 85' lang='lat' dir='ltr'><strong>versu</strong></span> <span class='ocrx_word' id='word_1_162' title='bbox 515 2421 645 2480; x_wconf 87' lang='lat' dir='ltr'><strong>eontra</strong></span> <span class='ocrx_word' id='word_1_163' title='bbox 670 2404 746 2479; x_wconf 91' lang='lat' dir='ltr'><strong>loci</strong></span> <span class='ocrx_word' id='word_1_164' title='bbox 770 2407 988 2479; x_wconf 87' lang='lat' dir='ltr'><strong>sententiam</strong></span> <span class='ocrx_word' id='word_1_165' title='bbox 1008 2403 1135 2480; x_wconf 84' lang='lat' dir='ltr'><strong>editur</strong></span> <span class='ocrx_word' id='word_1_166' title='bbox 1160 2405 1272 2508; x_wconf 78' lang='lat' dir='ltr'><strong>vulgo</strong></span> <span class='ocrx_word' id='word_1_167' title='bbox 1298 2396 1387 2481; x_wconf 74' lang='grc' dir='ltr'><strong><em>ἕστο.</em></strong></span> <span class='ocrx_word' id='word_1_168' title='bbox 1438 2406 1614 2482; x_wconf 78' lang='lat' dir='ltr'><strong>Versibus</strong></span> <span class='ocrx_word' id='word_1_169' title='bbox 1638 2404 1711 2479; x_wconf 83' lang='lat' dir='ltr'><strong>illis</strong></span> <span class='ocrx_word' id='word_1_170' title='bbox 1732 2401 1847 2477; x_wconf 86' lang='lat' dir='ltr'><strong>Athe·</strong></span> 
     </span>
     <span class='ocr_line' id='line_1_20' title="bbox 265 2516 1847 2620; baseline -0.004 -18"><span class='ocrx_word' id='word_1_171' title='bbox 265 2555 377 2603; x_wconf 86' lang='lat' dir='ltr'><strong>naeus</strong></span> <span class='ocrx_word' id='word_1_172' title='bbox 404 2555 448 2603; x_wconf 83' lang='lat' dir='ltr'><strong>ex</strong></span> <span class='ocrx_word' id='word_1_173' title='bbox 474 2528 605 2605; x_wconf 88' lang='lat' dir='ltr'><strong>eodem</strong></span> <span class='ocrx_word' id='word_1_174' title='bbox 633 2530 792 2603; x_wconf 89' lang='lat' dir='ltr'><strong>carmine</strong></span> <span class='ocrx_word' id='word_1_175' title='bbox 819 2530 975 2603; x_wconf 85' lang='lat' dir='ltr'><strong>subiecit</strong></span> <span class='ocrx_word' id='word_1_176' title='bbox 998 2528 1130 2604; x_wconf 84' lang='lat' dir='ltr'><strong>hosce:</strong></span> <span class='ocrx_word' id='word_1_177' title='bbox 1161 2522 1253 2606; x_wconf 73' lang='lat' dir='ltr'><strong>orirer</strong></span> <span class='ocrx_word' id='word_1_178' title='bbox 1278 2533 1293 2602; x_wconf 81' lang='grc' dir='ltr'>ὁ</span> <span class='ocrx_word' id='word_1_179' title='bbox 1316 2524 1447 2617; x_wconf 73' lang='grc' dir='ltr'><strong><em>ποιητὴς</em></strong></span> <span class='ocrx_word' id='word_1_180' title='bbox 1468 2527 1523 2603; x_wconf 74' lang='grc' dir='ltr'><strong>καί</strong></span> <span class='ocrx_word' id='word_1_181' title='bbox 1547 2523 1604 2614; x_wconf 79' lang='grc' dir='ltr'><strong>τήν</strong></span> <span class='ocrx_word' id='word_1_182' title='bbox 1628 2529 1692 2602; x_wconf 76' lang='grc' dir='ltr'><strong>τῶν</strong></span> <span class='ocrx_word' id='word_1_183' title='bbox 1719 2516 1847 2620; x_wconf 83' lang='grc' dir='ltr'><strong><em>στεφά-</em></strong></span> 
     </span>
     <span class='ocr_line' id='line_1_21' title="bbox 266 2644 1024 2761; baseline 0.003 -38"><span class='ocrx_word' id='word_1_184' title='bbox 266 2682 324 2726; x_wconf 84' lang='grc' dir='ltr'><strong>νων</strong></span> <span class='ocrx_word' id='word_1_185' title='bbox 350 2653 471 2761; x_wconf 67' lang='grc' dir='ltr'><strong><em>χρῆσιν</em></strong></span> <span class='ocrx_word' id='word_1_186' title='bbox 496 2646 585 2730; x_wconf 73' lang='grc' dir='ltr'><strong><em>εἰδὼς</em></strong></span> <span class='ocrx_word' id='word_1_187' title='bbox 611 2647 759 2750; x_wconf 86' lang='grc' dir='ltr'><strong><em>φαίνεται</em></strong></span> <span class='ocrx_word' id='word_1_188' title='bbox 782 2645 821 2723; x_wconf 85' lang='grc' dir='ltr'><strong>δι’</strong></span> <span class='ocrx_word' id='word_1_189' title='bbox 851 2644 892 2724; x_wconf 71' lang='grc' dir='ltr'><strong>οἷν</strong></span> <span class='ocrx_word' id='word_1_190' title='bbox 915 2646 1024 2741; x_wconf 75' lang='grc' dir='ltr'><strong><em>λέγει·</em></strong></span> 
     </span>
     <span class='ocr_line' id='line_1_22' title="bbox 617 2766 1489 2882; baseline -0.002 -33"><span class='ocrx_word' id='word_1_191' title='bbox 617 2778 659 2849; x_wconf 84' lang='grc' dir='ltr'>Ἡ</span> <span class='ocrx_word' id='word_1_192' title='bbox 686 2769 719 2848; x_wconf 78' lang='grc' dir='ltr'><strong>δὲ</strong></span> <span class='ocrx_word' id='word_1_193' title='bbox 743 2768 804 2847; x_wconf 76' lang='grc' dir='ltr'><strong>σὺν</strong></span> <span class='ocrx_word' id='word_1_194' title='bbox 830 2766 1050 2871; x_wconf 70' lang='grc' dir='ltr'><strong><em>ἀμφιπόλοισι</em></strong></span> <span class='ocrx_word' id='word_1_195' title='bbox 1075 2770 1288 2871; x_wconf 71' lang='grc' dir='ltr'><strong><em>φιλομμειδὴς</em></strong></span> <span class='ocrx_word' id='word_1_196' title='bbox 1317 2770 1489 2882; x_wconf 69' lang='grc' dir='ltr'><strong><em>Ἀφροδτη</em></strong></span> 
     </span>
     <span class='ocr_line' id='line_1_23' title="bbox 621 2888 1447 3002; baseline 0.002 -30"><span class='ocrx_word' id='word_1_197' title='bbox 621 2890 809 3002; x_wconf 78' lang='grc' dir='ltr'><strong><em>πλεξαμίνη</em></strong></span> <span class='ocrx_word' id='word_1_198' title='bbox 836 2889 1019 2994; x_wconf 72' lang='grc' dir='ltr'><strong><em>στεφάνως</em></strong></span> <span class='ocrx_word' id='word_1_199' title='bbox 1044 2888 1181 2975; x_wconf 68' lang='lat' dir='ltr'><strong>ddisse</strong></span> <span class='ocrx_word' id='word_1_200' title='bbox 1207 2891 1317 2970; x_wconf 71' lang='grc' dir='ltr'><strong><em>ἄνθεα</em></strong></span> <span class='ocrx_word' id='word_1_201' title='bbox 1341 2894 1447 2985; x_wconf 72' lang='grc' dir='ltr'><strong><em>γαίης.</em></strong></span> 
     </span>
     <span class='ocr_line' id='line_1_24' title="bbox 498 3012 1455 3130; baseline -0.003 -32"><span class='ocrx_word' id='word_1_202' title='bbox 498 3090 503 3098; x_wconf 95' lang='grc'><strong><em>.</em></strong></span> <span class='ocrx_word' id='word_1_203' title='bbox 618 3012 657 3095; x_wconf 72' lang='grc' dir='ltr'><strong>ἂν</strong></span> <span class='ocrx_word' id='word_1_204' title='bbox 685 3025 882 3120; x_wconf 76' lang='grc' dir='ltr'><strong><em>κεφαλαῖσιν</em></strong></span> <span class='ocrx_word' id='word_1_205' title='bbox 908 3014 1026 3095; x_wconf 71' lang='grc' dir='ltr'><strong><em>ἔθεντο</em></strong></span> <span class='ocrx_word' id='word_1_206' title='bbox 1051 3018 1134 3095; x_wconf 71' lang='grc' dir='ltr'><strong><em>θεαί</em></strong></span> <span class='ocrx_word' id='word_1_207' title='bbox 1155 3014 1455 3130; x_wconf 72' lang='grc' dir='ltr'><strong><em>λιπαροκρήδεμνοι,</em></strong></span> 
     </span>
     <span class='ocr_line' id='line_1_25' title="bbox 619 3135 1490 3254; baseline 0.002 -36"><span class='ocrx_word' id='word_1_208' title='bbox 619 3140 758 3242; x_wconf 83' lang='grc' dir='ltr'><strong><em>Νύμφαι</em></strong></span> <span class='ocrx_word' id='word_1_209' title='bbox 783 3141 839 3218; x_wconf 77' lang='grc' dir='ltr'><strong>καί</strong></span> <span class='ocrx_word' id='word_1_210' title='bbox 857 3137 1002 3252; x_wconf 84' lang='grc' dir='ltr'><strong><em>Χάριτες,</em></strong></span> <span class='ocrx_word' id='word_1_211' title='bbox 1025 3135 1101 3235; x_wconf 66' lang='grc' dir='ltr'><strong><em>ἅμα</em></strong></span> <span class='ocrx_word' id='word_1_212' title='bbox 1123 3140 1157 3218; x_wconf 75' lang='grc' dir='ltr'><strong>δὲ</strong></span> <span class='ocrx_word' id='word_1_213' title='bbox 1172 3147 1286 3254; x_wconf 73' lang='grc' dir='ltr'><strong><em>χρυσῆ</em></strong></span> <span class='ocrx_word' id='word_1_214' title='bbox 1306 3141 1490 3254; x_wconf 77' lang='grc' dir='ltr'><strong><em>Ἀφροδίτη,</em></strong></span> 
     </span>
     <span class='ocr_line' id='line_1_26' title="bbox 621 3260 1473 3374; baseline 0.004 -35"><span class='ocrx_word' id='word_1_215' title='bbox 621 3263 723 3339; x_wconf 74' lang='grc' dir='ltr'><strong><em>καλὸν</em></strong></span> <span class='ocrx_word' id='word_1_216' title='bbox 749 3263 912 3341; x_wconf 74' lang='grc' dir='ltr'><strong><em>ἀείδουσαι</em></strong></span> <span class='ocrx_word' id='word_1_217' title='bbox 937 3269 1009 3341; x_wconf 84' lang='grc' dir='ltr'><strong><em>κατ’</em></strong></span> <span class='ocrx_word' id='word_1_218' title='bbox 1037 3260 1105 3374; x_wconf 75' lang='grc' dir='ltr'><strong><em>ἔρος</em></strong></span> <span class='ocrx_word' id='word_1_219' title='bbox 1133 3262 1359 3344; x_wconf 74' lang='grc' dir='ltr'><strong><em>πολυπιδάκου</em></strong></span> <span class='ocrx_word' id='word_1_220' title='bbox 1377 3264 1473 3355; x_wconf 74' lang='grc' dir='ltr'><strong><em>Ἴδας.</em></strong></span> 
     </span>
     <span class='ocr_line' id='line_1_27' title="bbox 264 3386 1847 3492; baseline 0 -26"><span class='ocrx_word' id='word_1_221' title='bbox 264 3395 400 3466; x_wconf 88' lang='lat' dir='ltr'><strong>Mirum</strong></span> <span class='ocrx_word' id='word_1_222' title='bbox 432 3408 486 3466; x_wconf 89' lang='lat' dir='ltr'><strong>est</strong></span> <span class='ocrx_word' id='word_1_223' title='bbox 519 3395 557 3464; x_wconf 92' lang='lat' dir='ltr'><strong>in</strong></span> <span class='ocrx_word' id='word_1_224' title='bbox 590 3388 648 3463; x_wconf 84' lang='lat' dir='ltr'><strong>his</strong></span> <span class='ocrx_word' id='word_1_225' title='bbox 674 3386 768 3462; x_wconf 87' lang='lat' dir='ltr'><strong>nihil</strong></span> <span class='ocrx_word' id='word_1_226' title='bbox 792 3392 872 3463; x_wconf 84' lang='lat' dir='ltr'><strong>vitii</strong></span> <span class='ocrx_word' id='word_1_227' title='bbox 896 3393 1098 3490; x_wconf 86' lang='lat' dir='ltr'><strong>suspicatos</strong></span> <span class='ocrx_word' id='word_1_228' title='bbox 1125 3415 1202 3463; x_wconf 90' lang='lat' dir='ltr'><strong>esse</strong></span> <span class='ocrx_word' id='word_1_229' title='bbox 1228 3395 1388 3482; x_wconf 86' lang='lat' dir='ltr'><strong>criticos,</strong></span> <span class='ocrx_word' id='word_1_230' title='bbox 1428 3396 1493 3492; x_wconf 88' lang='lat' dir='ltr'><strong>qui</strong></span> <span class='ocrx_word' id='word_1_231' title='bbox 1518 3397 1549 3466; x_wconf 86' lang='lat' dir='ltr'><strong>si</strong></span> <span class='ocrx_word' id='word_1_232' title='bbox 1575 3391 1621 3467; x_wconf 92' lang='lat' dir='ltr'><strong>ad</strong></span> <span class='ocrx_word' id='word_1_233' title='bbox 1647 3397 1847 3468; x_wconf 86' lang='lat' dir='ltr'><strong>sententiae</strong></span> 
     </span>
     <span class='ocr_line' id='line_1_28' title="bbox 263 3509 1843 3614; baseline -0.004 -22"><span class='ocrx_word' id='word_1_234' title='bbox 263 3521 336 3593; x_wconf 85' lang='lat' dir='ltr'><strong>vim</strong></span> <span class='ocrx_word' id='word_1_235' title='bbox 359 3513 610 3606; x_wconf 86' lang='lat' dir='ltr'><strong>attendissent,</strong></span> <span class='ocrx_word' id='word_1_236' title='bbox 639 3539 718 3588; x_wconf 90' lang='lat' dir='ltr'><strong>non</strong></span> <span class='ocrx_word' id='word_1_237' title='bbox 738 3509 868 3585; x_wconf 91' lang='lat' dir='ltr'><strong>dubito</strong></span> <span class='ocrx_word' id='word_1_238' title='bbox 891 3514 981 3612; x_wconf 86' lang='lat' dir='ltr'><strong>quin</strong></span> <span class='ocrx_word' id='word_1_239' title='bbox 1007 3509 1082 3586; x_wconf 86' lang='lat' dir='ltr'><strong>duo</strong></span> <span class='ocrx_word' id='word_1_240' title='bbox 1109 3513 1310 3614; x_wconf 81' lang='lat' dir='ltr'><strong>fragmenta</strong></span> <span class='ocrx_word' id='word_1_241' title='bbox 1336 3517 1531 3589; x_wconf 81' lang='lat' dir='ltr'><strong>coniuncta</strong></span> <span class='ocrx_word' id='word_1_242' title='bbox 1559 3541 1635 3589; x_wconf 88' lang='lat' dir='ltr'><strong>esse</strong></span> <span class='ocrx_word' id='word_1_243' title='bbox 1656 3513 1843 3590; x_wconf 84' lang='lat' dir='ltr'><strong>vidissent:</strong></span> 
     </span>
     <span class='ocr_line' id='line_1_29' title="bbox 634 3625 1198 3732; baseline 0.002 -23"><span class='ocrx_word' id='word_1_244' title='bbox 634 3637 677 3709; x_wconf 81' lang='lat' dir='ltr'><strong>‘H</strong></span> <span class='ocrx_word' id='word_1_245' title='bbox 699 3629 733 3708; x_wconf 70' lang='grc' dir='ltr'><strong>δὲ</strong></span> <span class='ocrx_word' id='word_1_246' title='bbox 759 3628 819 3709; x_wconf 72' lang='grc' dir='ltr'><strong>σὺν</strong></span> <span class='ocrx_word' id='word_1_247' title='bbox 845 3625 1065 3732; x_wconf 80' lang='grc' dir='ltr'><strong><em>ἅμφιπάλοισν</em></strong></span> <span class='ocrx_word' id='word_1_248' title='bbox 1091 3655 1128 3732; x_wconf 90' lang='grc' dir='ltr'><strong>φ.</strong></span> <span class='ocrx_word' id='word_1_249' title='bbox 1148 3637 1198 3710; x_wconf 69' lang='grc' dir='ltr'><strong>Ἃ,</strong></span> 
     </span>
     <span class='ocr_line' id='line_1_30' title="bbox 638 3750 1517 3860; baseline 0.001 -27"><span class='ocrx_word' id='word_1_250' title='bbox 638 3756 823 3860; x_wconf 82' lang='grc' dir='ltr'><strong><em>πλεξαμίνη</em></strong></span> <span class='ocrx_word' id='word_1_251' title='bbox 850 3750 1034 3857; x_wconf 72' lang='grc' dir='ltr'><strong><em>στεφάνους</em></strong></span> <span class='ocrx_word' id='word_1_252' title='bbox 1058 3751 1200 3838; x_wconf 73' lang='grc' dir='ltr'><strong><em>εὐώδεας.</em></strong></span> <span class='ocrx_word' id='word_1_253' title='bbox 1217 3752 1328 3836; x_wconf 60' lang='lat' dir='ltr'><strong>daea</strong></span> <span class='ocrx_word' id='word_1_254' title='bbox 1352 3758 1448 3850; x_wconf 76' lang='grc' dir='ltr'><strong><em>γαίης</em></strong></span> <span class='ocrx_word' id='word_1_255' title='bbox 1473 3817 1483 3835; x_wconf 86' lang='grc'><strong>.</strong></span> <span class='ocrx_word' id='word_1_256' title='bbox 1509 3819 1517 3834; x_wconf 88' lang='grc'><strong>.</strong></span> 
     </span>
     <span class='ocr_line' id='line_1_31' title="bbox 265 3877 1132 3960; baseline -0.006 0"><span class='ocrx_word' id='word_1_257' title='bbox 265 3882 320 3960; x_wconf 72' lang='grc' dir='ltr'><strong><em>καί</em></strong></span> <span class='ocrx_word' id='word_1_258' title='bbox 344 3877 461 3958; x_wconf 78' lang='grc' dir='ltr'><strong><em>πάλιν·</em></strong></span> <span class='ocrx_word' id='word_1_259' title='bbox 1128 3896 1132 3904; x_wconf 86' lang='grc'><strong>’</strong></span> 
     </span>
     <span class='ocr_line' id='line_1_32' title="bbox 637 3998 1472 4108; baseline 0.005 -26"><span class='ocrx_word' id='word_1_260' title='bbox 637 3998 847 4108; x_wconf 82' lang='grc' dir='ltr'><strong><em>Πλεξάμεναι</em></strong></span> <span class='ocrx_word' id='word_1_261' title='bbox 872 3998 1056 4106; x_wconf 75' lang='grc' dir='ltr'><strong><em>στεφάνους</em></strong></span> <span class='ocrx_word' id='word_1_262' title='bbox 1081 3999 1218 4085; x_wconf 77' lang='grc' dir='ltr'><strong><em>εὐώδεας</em></strong></span> <span class='ocrx_word' id='word_1_263' title='bbox 1242 4000 1353 4082; x_wconf 71' lang='grc' dir='ltr'><strong><em>ἄνθεα</em></strong></span> <span class='ocrx_word' id='word_1_264' title='bbox 1377 4006 1472 4098; x_wconf 75' lang='grc' dir='ltr'><strong><em>γαίης</em></strong></span> 
     </span>
    </p>
   </div>
   <div class='ocr_carea' id='block_1_4' title="bbox 263 4121 1844 4611">
    <p class='ocr_par' dir='ltr' id='par_1_4' title="bbox 263 4121 1844 4611">
     <span class='ocr_line' id='line_1_33' title="bbox 636 4121 1499 4242; baseline 0.001 -37"><span class='ocrx_word' id='word_1_265' title='bbox 636 4121 675 4205; x_wconf 74' lang='lat' dir='ltr'><strong>dv</strong></span> <span class='ocrx_word' id='word_1_266' title='bbox 702 4132 883 4229; x_wconf 70' lang='grc' dir='ltr'><strong><em>κεφαλῇσιν</em></strong></span> <span class='ocrx_word' id='word_1_267' title='bbox 909 4121 1026 4206; x_wconf 73' lang='grc' dir='ltr'><strong><em>ἔθεντο</em></strong></span> <span class='ocrx_word' id='word_1_268' title='bbox 1052 4129 1133 4208; x_wconf 70' lang='grc' dir='ltr'><strong><em>θεαί</em></strong></span> <span class='ocrx_word' id='word_1_269' title='bbox 1157 4126 1443 4242; x_wconf 68' lang='grc' dir='ltr'><strong><em>λιπαροκράδμνοι</em></strong></span> <span class='ocrx_word' id='word_1_270' title='bbox 1460 4180 1499 4196; x_wconf 92' lang='grc'>-</span> 
     </span>
     <span class='ocr_line' id='line_1_34' title="bbox 263 4256 1842 4360; baseline 0 -29"><span class='ocrx_word' id='word_1_271' title='bbox 263 4259 445 4360; x_wconf 89' lang='lat' dir='ltr'><strong>Apertum</strong></span> <span class='ocrx_word' id='word_1_272' title='bbox 477 4260 575 4331; x_wconf 88' lang='lat' dir='ltr'><strong>euim</strong></span> <span class='ocrx_word' id='word_1_273' title='bbox 607 4272 661 4330; x_wconf 88' lang='lat' dir='ltr'><strong>est</strong></span> <span class='ocrx_word' id='word_1_274' title='bbox 693 4260 801 4332; x_wconf 87' lang='lat' dir='ltr'><strong>etiam</strong></span> <span class='ocrx_word' id='word_1_275' title='bbox 834 4272 920 4358; x_wconf 85' lang='lat' dir='ltr'><strong>post</strong></span> <span class='ocrx_word' id='word_1_276' title='bbox 946 4256 1147 4332; x_wconf 90' lang='lat' dir='ltr'><strong>secundum</strong></span> <span class='ocrx_word' id='word_1_277' title='bbox 1172 4285 1317 4333; x_wconf 80' lang='lat' dir='ltr'><strong>versum</strong></span> <span class='ocrx_word' id='word_1_278' title='bbox 1343 4257 1389 4333; x_wconf 91' lang='lat' dir='ltr'><strong>ad</strong></span> <span class='ocrx_word' id='word_1_279' title='bbox 1415 4262 1614 4334; x_wconf 87' lang='lat' dir='ltr'><strong>sententiae</strong></span> <span class='ocrx_word' id='word_1_280' title='bbox 1641 4258 1842 4333; x_wconf 89' lang='lat' dir='ltr'><strong>ahsolutio-</strong></span> 
     </span>
     <span class='ocr_line' id='line_1_35' title="bbox 263 4376 1844 4486; baseline -0.001 -31"><span class='ocrx_word' id='word_1_281' title='bbox 263 4405 349 4455; x_wconf 90' lang='lat' dir='ltr'><strong>nem</strong></span> <span class='ocrx_word' id='word_1_282' title='bbox 376 4378 515 4481; x_wconf 90' lang='lat' dir='ltr'><strong>aliquid</strong></span> <span class='ocrx_word' id='word_1_283' title='bbox 541 4378 752 4454; x_wconf 87' lang='lat' dir='ltr'><strong>desiderari.</strong></span> <span class='ocrx_word' id='word_1_284' title='bbox 807 4380 983 4456; x_wconf 90' lang='lat' dir='ltr'><strong>Ceterum</strong></span> <span class='ocrx_word' id='word_1_285' title='bbox 1007 4385 1120 4457; x_wconf 81' lang='lat' dir='ltr'><strong>verba</strong></span> <span class='ocrx_word' id='word_1_286' title='bbox 1145 4376 1254 4457; x_wconf 69' lang='grc' dir='ltr'><strong><em>ἄνθεα</em></strong></span> <span class='ocrx_word' id='word_1_287' title='bbox 1279 4378 1374 4471; x_wconf 72' lang='grc' dir='ltr'><strong><em>γαίης</em></strong></span> <span class='ocrx_word' id='word_1_288' title='bbox 1394 4409 1470 4457; x_wconf 90' lang='lat' dir='ltr'><strong>non</strong></span> <span class='ocrx_word' id='word_1_289' title='bbox 1488 4409 1557 4485; x_wconf 89' lang='lat' dir='ltr'><strong>per</strong></span> <span class='ocrx_word' id='word_1_290' title='bbox 1573 4385 1844 4486; x_wconf 84' lang='lat' dir='ltr'><strong>appositionem</strong></span> 
     </span>
     <span class='ocr_line' id='line_1_36' title="bbox 263 4501 1842 4611; baseline -0.002 -33"><span class='ocrx_word' id='word_1_291' title='bbox 263 4501 568 4606; x_wconf 88' lang='lat' dir='ltr'><strong>praecedentibus</strong></span> <span class='ocrx_word' id='word_1_292' title='bbox 588 4502 758 4580; x_wconf 88' lang='lat' dir='ltr'><strong>adiuncta</strong></span> <span class='ocrx_word' id='word_1_293' title='bbox 784 4521 881 4599; x_wconf 87' lang='lat' dir='ltr'><strong>sunt,</strong></span> <span class='ocrx_word' id='word_1_294' title='bbox 911 4503 975 4580; x_wconf 89' lang='lat' dir='ltr'><strong>sed</strong></span> <span class='ocrx_word' id='word_1_295' title='bbox 1003 4523 1094 4583; x_wconf 91' lang='lat' dir='ltr'><strong>noto</strong></span> <span class='ocrx_word' id='word_1_296' title='bbox 1122 4505 1269 4583; x_wconf 87' lang='lat' dir='ltr'><strong>dicendi</strong></span> <span class='ocrx_word' id='word_1_297' title='bbox 1293 4533 1425 4611; x_wconf 83' lang='lat' dir='ltr'><strong>genere</strong></span> <span class='ocrx_word' id='word_1_298' title='bbox 1450 4511 1498 4582; x_wconf 86' lang='lat' dir='ltr'><strong>ita</strong></span> <span class='ocrx_word' id='word_1_299' title='bbox 1521 4507 1692 4584; x_wconf 82' lang='lat' dir='ltr'><strong>ridentur</strong></span> <span class='ocrx_word' id='word_1_300' title='bbox 1708 4504 1842 4582; x_wconf 87' lang='lat' dir='ltr'><strong>intelli·</strong></span> 
     </span>
    </p>
   </div>
   <div class='ocr_carea' id='block_1_5' title="bbox 0 0 2250 5686">
    <p class='ocr_par' dir='ltr' id='par_1_5' title="bbox 0 0 2250 5686">
     <span class='ocr_line' id='line_1_37' title="bbox 0 0 2250 5686; baseline 0 2"><span class='ocrx_word' id='word_1_301' title='bbox 0 0 2250 5686; x_wconf 95' lang='lat' dir='ltr'><strong> </strong></span> 
     </span>
    </p>
   </div>
  </div>
 </body>
</html>
